1254 1944
232 192 329 222 218-19
328 192 342 222 ]

270 254 370 285 218

466 199 701 217 SANCTIFICATION
706 199 712 217 .

456 254 483 277 S.
504 254 544 277 M.

626 251 671 280 W.
686 252 843 282 Thompson
847 255 857 282 .

510 311 569 329 THE
588 311 662 329 SAME
667 311 673 329 .

313 350 454 412 WHY
459 345 559 406 should
566 345 582 402 I
591 342 652 401 fear
659 340 711 398 thy
718 338 783 396 foes
778 338 790 394 ,

412 392 450 415 Or
460 392 570 415 tremble
585 392 611 415 at
624 392 666 415 the
680 392 764 415 sound
775 392 790 415 ?

312 429 367 458 The
382 429 453 459 Lord
465 430 508 459 my
520 431 578 460 God
592 431 655 461 I've
671 433 709 461 set
723 433 798 463 apart-

363 468 404 500 He
417 467 512 499 guards
526 467 571 498 my
584 465 642 497 soul
656 464 755 497 around
759 464 767 495 .

269 518 287 548 2
309 518 423 548 Though
435 518 448 548 I
461 518 502 548 am
516 518 581 548 poor
594 518 645 548 and
659 518 737 548 weak
741 518 747 548 ,

346 557 409 584 And
420 557 492 584 lame
495 557 501 584 ,
517 557 569 584 and
580 557 653 584 blind
667 557 760 584 withal
763 557 770 584 ,

308 594 430 625 Through
445 594 503 625 God
517 594 561 625 my
574 594 632 625 soul
645 594 714 625 shall
725 594 807 625 never
815 594 885 625 faint
886 594 894 625 ,

345 633 401 655 Nor
413 633 480 655 shall
492 633 505 655 I
515 633 576 655 ever
589 633 635 655 fall
636 633 645 655 .

268 680 285 709 3
308 679 372 710 This
387 681 424 710 all
434 681 479 712 my
493 682 597 713 answer
607 683 629 713 is
633 684 639 713 ,

344 716 434 747 When
447 717 554 748 reasons
570 719 614 748 are
625 719 743 750 required
748 721 755 750 ,

306 759 381 789 Why
392 759 455 789 such
470 759 486 789 a
498 759 593 789 wretch
610 759 638 789 as
651 759 662 789 I
676 759 770 789 should
783 759 852 789 hope
862 759 871 789 :

343 797 391 827 My
407 797 467 827 God
479 797 522 827 my
531 797 600 827 hope
614 797 731 827 inspired
734 797 741 827 .

268 845 286 873 4
308 845 362 873 Let
373 845 454 873 proud
468 845 589 874 imperial
602 846 679 874 kings

345 881 425 913 Their
435 882 536 914 bloody
548 883 647 915 swords
661 884 765 916 display
778 886 786 916 ;

306 922 345 954 Or
355 922 440 954 erring
453 922 523 954 sects
525 922 531 954 ,
546 922 611 954 with
624 922 758 954 flattering
770 922 842 954 baits
843 922 852 954 ,

345 956 422 987 More
436 957 522 988 subtle
535 959 576 988 far
585 959 650 990 than
663 960 725 991 they
738 961 747 990 :

268 1008 285 1036 5
310 1008 361 1037 Let
374 1008 448 1038 earth
462 1010 513 1039 and
527 1010 611 1040 Satan
622 1011 681 1041 join
684 1012 691 1040 ,

342 1042 406 1072 And
421 1044 502 1074 death
514 1047 568 1076 and
580 1049 621 1077 sin
636 1050 727 1080 annoy
736 1053 747 1080 :

306 1084 336 1113 In
352 1084 411 1114 God
426 1085 504 1115 alone
518 1086 531 1115 I
543 1087 590 1117 put
601 1087 644 1118 my
658 1088 724 1119 trust-

344 1124 385 1153 He
397 1124 472 1153 gives
485 1124 526 1153 me
540 1124 644 1155 inward
652 1125 702 1154 joy
703 1126 711 1155 .

266 1169 282 1200 6
305 1169 347 1202 Ye
364 1170 454 1202 Saints
466 1172 508 1204 lift
521 1172 554 1205 up
567 1173 633 1205 your
643 1174 726 1207 heads
730 1176 737 1207 ,

342 1209 395 1241 Let
402 1210 452 1242 joy
463 1211 502 1243 fill
514 1212 591 1244 every
603 1214 680 1246 heart
687 1216 697 1246 ;

306 1250 358 1280 For
371 1250 400 1280 as
412 1250 479 1280 your
490 1250 569 1280 never
572 1250 580 1280 -
581 1250 675 1280 failing
686 1250 722 1280 all
724 1250 731 1280 ,

340 1284 404 1315 You
415 1286 484 1316 have
497 1287 538 1318 set
550 1288 610 1319 God
623 1289 700 1320 apart
702 1291 709 1320 .

485 1365 677 1388 ADOPTION
683 1365 690 1388 .

903 193 952 214 197

267 1412 367 1442 219

449 1415 478 1437 S.
497 1415 535 1437 M.

618 1414 713 1438 Watts
718 1416 726 1438 .

227 1459 374 1478 HUMILITY
388 1459 419 1478 OF
438 1459 511 1478 SOUL
527 1459 620 1478 UNDER
640 1459 698 1478 THE
718 1459 794 1478 HOPE
810 1459 841 1478 OF
861 1459 932 1478 ADOP
936 1459 944 1478 .

336 1496 404 1514 TION
408 1498 414 1514 .
448 1489 518 1516 John
532 1492 568 1518 III
568 1494 576 1518 ,
594 1494 619 1520 1.
660 1489 714 1516 Gal
715 1491 722 1515 .
743 1492 774 1517 IV
778 1493 785 1517 ,
802 1494 817 1518 6
822 1494 829 1518 .

360 1525 488 1557 EHOLD
492 1527 498 1557 ,
513 1527 585 1559 what
599 1528 754 1561 wonderous
768 1530 848 1561 grace

303 1601 346 1628 On
360 1601 459 1630 sinners
474 1603 505 1631 of
516 1604 530 1630 a
543 1604 638 1633 mortal
651 1606 711 1634 race
713 1608 720 1634 ,

342 1641 381 1666 To
396 1641 448 1666 call
460 1642 531 1668 them
546 1642 606 1669 sons
625 1643 656 1668 of
666 1643 724 1669 God
728 1644 736 1669 .
