1152 1953
192 160 270 187 288

187 235 209 272 3
230 235 325 272 Here
341 235 416 272 may
434 235 483 272 we
490 235 496 272 ,
517 235 603 272 Lord
611 235 617 272 ,
634 235 685 272 for
705 235 784 272 ever
799 235 899 272 share

273 277 302 318 A
317 277 472 318 peaceful
478 277 484 318 ,
500 277 594 318 quiet
609 277 716 318 haven
725 277 735 318 ;

228 315 411 359 Whene'er
428 317 597 361 oppress'd
615 320 655 361 by
675 320 814 363 worldly
833 322 914 364 care

226 357 332 398 We'll
346 359 459 400 hasten
477 362 512 401 to
530 363 586 402 thy
605 364 708 405 house
725 366 762 406 of
780 367 902 408 prayer
904 370 913 408 ,

272 403 346 442 And
360 404 422 443 find
442 405 497 443 the
510 406 568 444 joy
586 406 625 444 of
638 407 765 445 heaven
773 408 783 445 .

367 166 519 188 SABBATH
549 167 677 189 SCHOOL
705 168 822 190 HYMNS
828 169 837 189 .

814 421 856 457 da
863 418 903 453 er

185 454 206 494 4
231 454 306 495 And
324 455 401 497 then
418 456 506 498 shall
521 457 606 499 life's
625 458 688 500 last
705 459 814 501 feeble
830 461 890 502 ray
911 462 939 502 T

274 503 318 532 Be
336 503 419 534 calm
440 504 473 534 as
492 505 663 536 summer's
684 507 767 538 even
772 508 785 537 :

228 540 343 583 While
356 541 470 584 angels
473 543 479 584 ,
498 543 660 587 hovering
677 545 781 587 round
787 546 792 587 ,
812 546 899 589 shall
914 548 973 590 say

227 585 250 624 "
264 585 313 625 Ye
332 585 441 626 weary
458 587 647 629 wanderers
654 590 661 629 ,
678 590 771 630 come
791 591 887 632 away
889 593 900 632 ,
960 593 981 632 s

272 629 345 658 And
363 629 403 658 be
421 629 455 658 at
470 630 539 659 rest
556 630 584 659 in
606 630 734 661 heaven
738 631 747 660 .
753 631 770 660 "

780 646 824 674 ow
845 644 938 673 57541

335 685 535 720 bicHYMN
556 685 650 720 322.
693 685 735 720 L.
751 685 807 720 M.
865 685 944 720 Teil

435 738 611 770 Punctuality
624 739 653 768 at
667 737 759 768 School
761 737 768 766 .

861 732 938 758 ImA

220 774 343 857 THE

237 779 336 820 THE
352 780 448 821 clock
467 781 526 821 has
542 782 654 822 struck
662 783 668 822 ,
687 783 700 822 I
718 783 839 824 cannot
855 785 929 825 stay
931 785 939 824 ,

292 823 323 858 O
338 823 388 859 let
403 824 454 860 me
470 825 537 862 rise
554 826 617 863 and
635 828 727 864 haste
746 830 843 867 away
849 832 861 867 ;

227 870 283 908 I'll
298 870 367 908 quit
384 870 437 908 my
455 870 517 908 bed
525 870 530 908 ,
548 870 608 908 and
627 870 722 908 leave
739 870 793 908 my
809 870 906 908 home
912 870 921 908 ,

229 909 300 947 The
318 909 399 947 hour
418 910 457 948 of
468 909 583 949 school
600 911 633 949 at
652 910 763 950 length
783 912 806 950 is
824 912 920 951 come
925 912 933 950 .

181 958 206 998 2
226 958 244 998 I
260 958 370 1000 would
386 960 428 1001 be
443 961 538 1002 there
555 962 650 1004 when
668 963 790 1006 prayer
804 965 920 1007 begins
924 967 933 1007 ,

226 1006 276 1046 To
293 1006 373 1046 seek
389 1006 446 1046 the
461 1006 586 1046 pardon
606 1006 644 1046 of
657 1006 710 1046 my
728 1006 794 1046 sins
810 1006 821 1046 ;

226 1046 276 1085 I'd
293 1046 352 1085 ask
367 1046 426 1085 the
440 1046 537 1085 favor
555 1046 592 1085 of
604 1046 662 1085 the
679 1046 767 1085 Lord
773 1046 782 1085 ,
782 1046 819 1085 of

223 1093 302 1134 And
318 1092 399 1133 pray
417 1091 450 1131 to
469 1088 668 1130 understand
689 1086 736 1127 his
757 1085 848 1126 word
852 1085 866 1124 .

182 1148 203 1185 3
225 1147 253 1184 O
261 1147 268 1184 ,
286 1147 373 1184 shall
388 1146 441 1184 my
460 1145 611 1184 teachers
631 1145 712 1182 wait
726 1145 758 1182 in
777 1145 852 1182 vain
858 1144 867 1181 ,

226 1191 340 1229 While
358 1191 411 1229 my
427 1191 560 1229 neglect
575 1191 661 1229 must
679 1191 751 1229 give
768 1191 858 1229 them
877 1191 956 1229 pain
965 1191 978 1229 ?

225 1235 279 1268 No
284 1235 291 1267 ,
309 1234 355 1267 let
371 1234 420 1266 me
438 1232 549 1266 rather
564 1231 664 1265 strive
684 1231 715 1263 to
734 1231 776 1263 be

227 1272 299 1308 The
317 1272 387 1309 first
401 1273 474 1309 that
491 1274 519 1309 in
540 1274 593 1309 the
619 1274 704 1311 class
721 1275 800 1312 they
817 1276 873 1312 see
879 1277 887 1312 .

846 1041 907 1068 non
917 1041 939 1068 T

847 1046 903 1085 sor

911 1085 940 1124 T

447 1567 502 1590 The
516 1567 627 1590 Sabbath
645 1567 738 1590 School
740 1567 749 1590 .

178 1326 202 1364 4
226 1326 336 1364 These
354 1326 501 1364 Sabbath
517 1326 596 1364 days
617 1326 686 1364 will
700 1326 778 1364 soon
798 1326 839 1364 be
856 1326 928 1364 o'er
930 1326 939 1364 ,

225 1372 301 1407 And
317 1372 332 1407 I
345 1372 430 1407 shall
444 1372 485 1407 go
502 1373 535 1408 to
552 1373 666 1408 school
683 1373 725 1408 no
743 1374 835 1409 more
840 1374 849 1409 :

223 1414 239 1452 I
255 1414 363 1452 would
382 1414 440 1452 not
455 1414 534 1452 then
552 1414 677 1452 endure
692 1414 747 1452 the
764 1414 843 1452 pain

223 1457 274 1498 Of
285 1456 406 1497 having
422 1455 518 1496 spent
534 1454 588 1494 my
604 1453 682 1494 time
702 1453 732 1493 in
751 1452 829 1493 vain
835 1452 846 1491 .

445 1488 562 1519 piace
588 1487 653 1517 que
660 1485 902 1517 Jopvol
939 1485 975 1514 W
1001 1484 1023 1513 2

347 1512 482 1542 HYMN
510 1512 602 1542 323.
648 1512 666 1542 3
687 1512 719 1542 7s
738 1512 762 1542 &
785 1512 799 1542 1
816 1512 838 1542 5
842 1512 849 1542 .

957 1045 998 1071 W

668 1612 742 1649 love
759 1612 791 1649 to

224 1617 290 1682 W
307 1618 429 1685 When
436 1622 502 1687 the
512 1623 641 1690 wintry
648 1626 811 1694 tempests
823 1631 917 1696 blow
920 1633 938 1696 ?

1119 984 1162 1033 A

1118 1049 1158 1077 W

1114 1090 1163 1121 Be

1068 1143 1090 1173 2
1109 1144 1161 1177 Ou

1109 1188 1159 1217 Fa

1104 1229 1159 1259 Ar

1104 1272 1161 1304 He

1059 1325 1080 1354 3
1099 1326 1161 1356 WI

1098 1370 1156 1402 Ma

1095 1412 1149 1440 An

1091 1454 1165 1489 WH

1077 1604 1163 1684 GE
