1354 2129
410 224 564 266 ENTIRE
591 215 950 262 SANCTIFICATION
952 216 964 253 .
1018 212 1114 251 359

645 301 686 341 C.
697 296 751 336 M.
773 289 835 331 liv
893 301 931 330 C.
949 301 1108 330 WESLEY
1112 301 1123 330 .

313 305 412 347 491

363 361 435 394 The
446 358 621 392 benediction
627 357 640 388 .
634 356 665 388 -
679 353 820 388 Numbers
836 352 869 384 vi
872 353 879 384 .
894 350 997 384 24-27
998 350 1007 381 .

351 410 601 480 JEHOVAH
595 409 610 468 ,
620 406 700 468 God
709 402 770 464 the
781 397 904 460 Father
902 397 913 455 ,
924 391 1015 454 bless
1014 392 1024 450 ,

415 460 492 498 And
507 459 566 495 thy
579 456 654 494 own
668 454 759 492 work
776 450 892 489 defend
902 451 911 486 !

351 501 446 544 With
460 498 595 542 mercy's
611 494 820 539 outstretch'd
837 491 924 534 arms
940 488 1090 532 embrace
1090 489 1100 529 ,

391 547 470 586 And
485 544 568 583 keep
583 542 622 580 us
638 540 672 579 to
687 538 742 577 the
756 536 820 576 end
821 537 830 574 .

352 586 508 627 Preserve
523 585 579 624 the
593 581 755 622 creatures
773 580 809 618 of
822 579 880 618 thy
892 578 971 617 love

394 630 447 669 By
461 626 681 668 providential
695 625 770 664 care
771 625 780 662 ,

356 666 548 705 Conducted
565 666 597 702 to
615 665 669 701 the
684 662 802 700 realms
819 662 924 699 above
926 662 934 697 ,

399 717 448 755 To
464 714 538 753 sing
552 712 611 751 thy
624 708 787 749 goodness
803 705 894 745 there
904 705 914 742 !

355 767 375 804 2
396 762 547 803 Jehovah
550 763 557 800 ,
577 762 650 800 God
665 760 720 799 the
738 759 806 797 Son
808 759 814 796 ,
829 756 941 796 reveal

401 807 471 843 The
485 805 668 842 brightness
685 805 722 839 of
733 803 792 838 thy
807 802 877 838 face
879 803 886 837 ,

357 846 436 889 And
452 846 497 888 all
512 845 568 887 thy
582 843 740 886 pardon'd
757 842 873 885 people
888 841 938 883 fill

402 892 497 933 With
510 891 680 932 plenitude
695 891 731 930 of
742 890 840 930 grace
848 890 859 929 !

362 934 462 973 Shine
477 933 564 972 forth
582 932 658 970 with
677 932 718 969 all
736 930 788 968 the
807 929 905 968 Deity
909 930 917 967 ,

404 972 524 1010 Which
540 971 651 1009 dwells
669 971 700 1007 in
718 969 790 1007 thee
807 969 902 1007 alone
911 969 921 1005 ;

365 1019 440 1059 And
457 1018 508 1057 lift
526 1018 561 1057 us
579 1017 623 1056 up
628 1017 633 1055 ,
649 1016 705 1055 thy
722 1015 792 1055 face
810 1015 841 1053 to
860 1013 914 1053 see
916 1014 923 1052 ,

404 1065 457 1102 On
474 1063 532 1100 thy
546 1059 672 1099 eternal
686 1056 803 1095 throne
804 1057 812 1093 .

361 1113 383 1150 3
403 1110 554 1149 Jehovah
555 1110 563 1147 ,
581 1108 654 1147 God
671 1107 722 1146 the
742 1106 842 1144 Spirit
844 1106 850 1143 ,
865 1104 958 1143 shine
960 1104 969 1141 ,

408 1154 524 1186 Father
541 1153 603 1184 and
623 1152 690 1182 Son
707 1152 738 1181 to
756 1150 842 1180 show
853 1149 865 1178 !

364 1196 460 1230 With
475 1194 551 1229 bliss
569 1192 721 1228 ineffable
726 1192 733 1225 ,
748 1191 857 1225 divine
861 1191 869 1224 ,

408 1240 480 1271 Our
492 1236 635 1269 ravish'd
651 1234 757 1266 hearts
775 1232 914 1264 o'erflow
926 1231 937 1261 !

368 1280 452 1318 Sure
468 1279 598 1317 earnest
612 1280 650 1316 of
659 1278 730 1315 that
745 1277 920 1315 happiness

411 1320 531 1362 Which
546 1319 670 1361 human
686 1318 770 1359 hope
786 1316 975 1359 transcends
978 1316 986 1356 ,

368 1365 418 1401 Be
433 1365 513 1401 thou
529 1365 589 1401 our
604 1365 802 1401 everlasting
816 1365 916 1401 peace
918 1365 926 1401 ,

411 1408 522 1453 When
536 1405 633 1449 grace
647 1403 682 1446 in
698 1400 793 1445 glory
809 1398 889 1442 ends
900 1398 910 1439 !

1023 648 1046 673 8

946 992 1022 1018 grol

315 1626 415 1664 492

1004 855 1048 884 LET

997 1212 1048 1242 00

999 1296 1053 1327 ue

993 1380 1052 1409 RIST

361 1509 392 1539 2.
413 1506 568 1538 ENTIRE
596 1500 951 1535 SANCTIFICATION
981 1498 1065 1528 AND

541 1560 731 1589 PERFECT
757 1558 871 1585 LOVE
876 1558 884 1583 .

920 1619 958 1650 C.
975 1618 1133 1650 WESLEY

654 1626 713 1656 Six
734 1626 767 1654 7s
771 1626 779 1654 .

444 1677 467 1718 "
474 1674 620 1718 Changed
656 1673 735 1716 from
753 1672 836 1715 glory
845 1672 873 1713 to
886 1670 968 1713 glory
968 1671 982 1712 .
977 1671 994 1712 "

374 1735 512 1802 SING

396 1728 535 1767 NINCE
552 1727 606 1765 the
624 1726 693 1764 Son
708 1725 786 1762 hath
801 1724 897 1761 made
913 1722 967 1760 me
981 1721 1048 1758 free
1050 1721 1058 1757 ,

448 1775 510 1813 Let
524 1775 575 1812 me
591 1773 674 1811 taste
690 1774 744 1811 my
760 1772 876 1811 liberty
887 1772 897 1809 !

381 1816 469 1850 Thee
484 1816 602 1849 behold
619 1815 697 1848 with
713 1815 796 1848 open
816 1814 887 1848 face
889 1814 896 1847 ,

381 1858 543 1902 Triumph
559 1857 591 1898 in
609 1856 668 1898 thy
683 1854 799 1896 saving
814 1851 912 1894 grace
919 1852 930 1892 !
950 1850 995 1891 to
