2111 2842
264 221 354 265 154

341 361 400 430 5

418 356 450 388 2

283 1323 334 1378 9
333 1320 365 1374 :
365 1318 402 1372 b

344 1370 416 1410 22

1746 351 1840 431 E

420 488 444 520 1.
461 488 510 520 My
522 488 592 520 faith
601 488 684 520 looks
695 488 733 520 up
747 488 775 520 to
787 488 852 520 thee
857 488 862 520 ,
871 488 955 520 Thou
965 488 1050 520 Lamb
1061 488 1093 520 of
1102 488 1153 520 Cal
1162 488 1170 520 -
1181 488 1216 520 va
1226 488 1235 520 -
1247 488 1280 520 ry
1293 488 1299 520 ;
1333 488 1387 520 Sa-
1399 488 1463 520 vior
1476 488 1503 520 di
1506 488 1513 520 -
1517 488 1583 520 vine
1595 488 1602 520 !
1615 488 1687 520 Now
1701 488 1773 520 hear
1786 488 1829 520 me

1419 568 1539 665 #

1474 726 1601 815 Ho

420 555 445 643 77

280 706 448 771 9:22

346 755 445 788 5-6-2

508 222 587 268 MY
619 222 788 268 FAITH
817 222 976 268 LOOKS
1009 222 1074 268 UP
1105 222 1171 268 TO
1201 222 1351 268 THEE
1360 222 1368 268 .
1425 222 1460 268 6s
1484 222 1507 268 &
1524 222 1563 268 4s
1566 222 1577 268 .

730 626 742 635 ●

980 973 1120 1056 gf

397 1094 487 1126 while
499 1094 510 1126 I
524 1094 593 1126 pray
606 1094 614 1126 ;
624 1094 703 1126 Take
725 1094 763 1126 all
778 1094 823 1126 my
838 1094 915 1126 guilt
929 1094 1011 1126 away
1024 1094 1031 1126 ;
1077 1094 1099 1126 0
1102 1094 1108 1126 ,
1150 1094 1191 1126 let
1204 1094 1247 1126 me
1261 1094 1330 1126 from
1345 1094 1401 1126 this
1416 1094 1470 1126 day
1502 1094 1540 1126 Be
1571 1094 1649 1126 whol
1652 1094 1661 1126 -
1662 1094 1694 1126 ly
1718 1094 1800 1126 thine
1802 1094 1810 1126 .

981 1161 1140 1255 H

611 1491 704 1524 386
707 1492 720 1523 .

506 1551 592 1581 Christ
594 1551 599 1581 ,
611 1551 657 1581 our
669 1551 815 1583 Confidence
816 1552 823 1582 .

355 1596 367 1626 1
388 1596 442 1626 MY
456 1596 525 1626 faith
541 1597 623 1628 looks
638 1597 674 1627 up
688 1598 716 1628 to
728 1598 794 1628 thee
797 1598 803 1628 ,

389 1628 471 1658 Thou
487 1629 574 1659 Lamb
587 1631 619 1659 of
629 1631 752 1660 Calvary
763 1632 773 1660 ;

453 1664 552 1688 Savior
566 1664 664 1688 divine
673 1664 682 1688 !

387 1695 460 1726 Now
477 1695 547 1727 hear
560 1696 602 1726 me
617 1696 705 1728 while
718 1697 728 1727 I
743 1698 813 1729 pray
825 1698 834 1728 ;

388 1726 470 1759 Take
483 1728 523 1760 all
537 1729 584 1761 my
597 1729 675 1762 guilt
687 1731 770 1763 away
782 1732 790 1763 ;

388 1763 432 1792 Oh
472 1763 512 1792 let
525 1763 568 1792 me
580 1763 648 1792 from
663 1763 721 1792 this
735 1763 789 1792 day

453 1797 492 1828 Be
504 1795 616 1827 wholly
629 1794 710 1825 thine
712 1794 720 1823 .

359 1868 376 1899 2
393 1868 461 1899 May
476 1868 528 1899 thy
542 1868 605 1899 rich
620 1868 706 1899 grace
719 1868 823 1899 impart

394 1900 529 1933 Strength
543 1900 571 1931 to
584 1900 631 1931 my
645 1898 766 1931 fainting
781 1897 863 1930 heart
865 1897 871 1928 ,

458 1934 509 1964 My
524 1934 587 1964 zeal
598 1934 705 1964 inspire
716 1934 724 1964 ;

394 1964 434 1992 As
446 1964 516 1993 thou
530 1964 592 1994 hast
606 1966 671 1995 died
685 1966 726 1995 for
739 1967 782 1995 me
784 1967 790 1995 ,

394 2001 435 2032 Oh
450 2001 458 2031 !
475 1999 538 2031 may
553 2000 599 2030 my
612 1998 678 2030 love
689 1998 718 2029 to
730 1997 796 2029 thee
797 1997 803 2027 ,

393 2032 467 2063 Pure
469 2032 474 2063 ,
490 2032 576 2063 warm
580 2032 585 2063 ,
599 2032 654 2063 and
668 2032 836 2063 changeless
849 2032 885 2063 be
887 2032 894 2063 ,

459 2067 485 2098 A
496 2064 591 2097 living
604 2063 654 2095 fire
655 2064 663 2094 .

361 2135 377 2163 3
396 2135 493 2163 While
505 2135 578 2163 life's
592 2136 662 2164 dark
679 2136 757 2164 maze
770 2136 781 2164 I
793 2136 872 2165 tread
877 2137 884 2165 ,

394 2171 462 2203 And
474 2171 562 2203 griefs
576 2171 682 2203 around
698 2171 741 2203 me
754 2171 852 2203 spread
855 2171 860 2203 ,

459 2200 501 2232 Be
512 2200 582 2233 thou
596 2202 643 2234 my
656 2203 744 2235 guide
755 2205 765 2236 ;

394 2234 446 2263 Bid
462 2234 599 2264 darkness
612 2235 678 2266 turn
691 2236 720 2265 to
733 2236 787 2266 day
789 2237 796 2266 ,

396 2269 480 2301 Wipe
492 2270 623 2302 sorrow's
635 2271 710 2303 tears
723 2272 805 2304 away
806 2273 813 2303 ,

395 2302 455 2329 Nor
468 2302 508 2329 let
520 2302 563 2330 me
577 2303 644 2331 ever
656 2303 733 2332 stray

460 2336 539 2359 From
554 2336 619 2358 thee
633 2335 711 2358 aside
714 2335 720 2357 .

361 2404 379 2431 4
396 2404 491 2431 When
502 2404 573 2431 ends
584 2404 656 2432 life's
670 2404 806 2433 transient
818 2405 911 2433 dream
915 2406 923 2433 ,

397 2439 493 2465 When
506 2439 613 2465 death's
629 2439 693 2465 cold
707 2439 800 2465 sullen
812 2439 914 2465 stream

461 2472 542 2501 Shall
555 2472 613 2501 o'er
626 2472 668 2502 me
682 2473 736 2502 roll
748 2473 756 2502 ;

396 2507 474 2533 Blest
486 2507 586 2533 Savior
587 2507 592 2533 ,
606 2507 673 2533 then
686 2507 714 2533 in
728 2507 793 2533 love
796 2507 803 2533 ,

396 2540 466 2563 Fear
477 2540 530 2563 and
544 2540 661 2564 distrust
677 2541 791 2564 remove
800 2541 810 2564 :

395 2574 438 2599 Oh
451 2574 459 2598 !
475 2572 543 2598 bear
555 2573 598 2597 me
593 2573 601 2597 .
612 2572 668 2597 safe
681 2570 772 2596 above-

463 2607 488 2630 A
499 2605 646 2630 ransomed
658 2603 723 2628 soul
725 2604 733 2627 .

1514 301 1655 332 Spiritual
1673 301 1772 332 Songs
1774 301 1782 332 .

1252 1663 1267 1673 66

1558 388 1592 411 -0

1409 1491 1507 1524 387
1507 1491 1523 1524 .

1342 1549 1446 1578 Worthy
1459 1549 1496 1576 the
1511 1547 1586 1576 Lamb
1585 1548 1594 1575 .

1150 1591 1169 1623 1
1186 1591 1202 1623 "
1214 1591 1341 1625 GLORY
1352 1592 1380 1625 to
1396 1593 1454 1626 God
1469 1594 1503 1626 on
1515 1594 1585 1627 high
1597 1595 1609 1627 !
1608 1595 1624 1627 "

1184 1625 1237 1655 Let
1249 1625 1360 1656 heaven
1373 1626 1426 1657 and
1441 1627 1519 1658 earth
1534 1628 1617 1658 reply
1619 1629 1626 1658 ,

1278 1659 1371 1689 Praise
1382 1666 1421 1691 ye

1431 1660 1476 1682 his
1488 1661 1570 1683 name
1580 1663 1591 1683 !
1587 1663 1603 1683 "
1598 1663 1611 1683 ⁹

1184 1688 1235 1720 His
1247 1689 1314 1721 love
1324 1691 1380 1722 and
1391 1692 1479 1725 grace
1491 1694 1576 1726 adore
1577 1696 1584 1726 ,

1187 1723 1262 1752 Who
1275 1724 1316 1752 all
1329 1725 1383 1754 our
1394 1725 1513 1754 sorrows
1528 1727 1597 1756 bore
1607 1728 1617 1755 ;

1185 1760 1254 1790 Sing
1267 1760 1352 1790 aloud
1366 1760 1513 1790 evermore-

1252 1794 1269 1824 "
1276 1791 1398 1823 Worthy
1412 1790 1461 1821 the
1474 1789 1562 1821 Lamb
1565 1789 1572 1819 .
1574 1789 1592 1819 "

1151 1861 1168 1889 2
1186 1861 1228 1889 Ye
1240 1861 1306 1889 who
1321 1861 1462 1891 surround
1476 1863 1525 1891 the
1538 1862 1638 1892 throne
1639 1864 1646 1892 ,

1187 1894 1356 1927 Cheerfully
1366 1896 1429 1928 join
1440 1898 1471 1928 in
1484 1898 1537 1930 one
1537 1899 1544 1929 ,

1251 1928 1378 1959 Praising
1392 1929 1436 1958 his
1449 1929 1530 1959 name
1540 1930 1548 1959 :

1253 2064 1268 2073 66

1186 1960 1236 1989 His
1248 1960 1313 1991 love
1326 1961 1380 1991 and
1395 1961 1481 1992 grace
1495 1962 1580 1993 adore
1582 1963 1588 1992 ,

1186 1993 1262 2022 Who
1275 1994 1315 2022 all
1325 1995 1378 2023 our
1390 1995 1509 2024 sorrows
1524 1997 1592 2026 bore
1602 1998 1610 2025 ;

1186 2029 1255 2060 Sing
1268 2029 1354 2060 aloud
1366 2029 1513 2060 evermore

1261 2064 1274 2093 '
1277 2062 1401 2093 Worthy
1415 2062 1462 2091 the
1476 2060 1562 2091 Lamb
1565 2060 1572 2089 .
1575 2060 1591 2089 "

1153 2130 1168 2160 3
1185 2130 1250 2160 Join
1264 2130 1304 2161 all
1316 2131 1353 2161 ye
1366 2131 1511 2163 ransomed
1526 2132 1591 2163 race

1186 2162 1247 2192 Our
1261 2162 1333 2193 Lord
1345 2163 1399 2194 and
1414 2164 1472 2194 God
1482 2165 1510 2194 to
1524 2165 1599 2195 bless
1609 2166 1620 2195 ;

1252 2195 1346 2227 Praise
1358 2197 1395 2228 ye
1407 2198 1452 2229 his
1464 2199 1546 2230 name
1555 2201 1565 2230 :

1186 2227 1231 2257 On
1243 2227 1300 2258 him
1316 2228 1361 2258 we
1372 2229 1411 2258 fix
1424 2229 1475 2260 our
1489 2230 1589 2260 choice
1590 2231 1598 2260 ,

1185 2263 1218 2291 In
1231 2263 1287 2292 him
1304 2264 1347 2292 we
1360 2264 1421 2294 will
1436 2264 1540 2294 rejoice
1543 2266 1549 2294 ,

1187 2295 1326 2327 Shouting
1341 2296 1411 2326 with
1425 2295 1506 2326 heart
1518 2295 1573 2325 and
1588 2295 1670 2325 voice-

1253 2332 1270 2360 "
1279 2330 1399 2360 Worthy
1412 2330 1461 2358 the
1474 2329 1560 2358 Lamb
1564 2329 1571 2357 .
1574 2329 1591 2357 "

1152 2396 1170 2424 4
1186 2396 1258 2425 Soon
1272 2398 1348 2427 must
1360 2399 1403 2428 we
1415 2400 1492 2430 close
1505 2402 1558 2431 our
1571 2403 1636 2432 race
1639 2404 1646 2432 ,

1187 2432 1242 2458 Yet
1255 2433 1315 2459 will
1331 2435 1373 2460 we
1387 2435 1472 2461 never
1486 2437 1567 2463 cease

1254 2467 1380 2498 Praising
1395 2468 1438 2498 his
1451 2469 1533 2498 name
1541 2469 1550 2498 :

1188 2497 1245 2529 But
1256 2498 1287 2529 as
1300 2499 1343 2530 we
1356 2499 1474 2531 upward
1491 2501 1568 2533 wing
1571 2502 1578 2532 ,

1188 2529 1255 2561 Hail
1265 2530 1323 2562 him
1337 2531 1390 2563 our
1402 2532 1534 2565 gracious
1547 2535 1622 2566 King
1624 2536 1630 2566 ,

1188 2564 1253 2597 And
1267 2564 1394 2598 through
1407 2565 1456 2598 the
1469 2566 1591 2599 heavens
1605 2567 1668 2600 sing-

1253 2601 1270 2633 "
1279 2598 1401 2632 Worthy
1414 2597 1461 2631 the
1475 2596 1562 2630 Lamb
1565 2597 1572 2629 .
1576 2597 1593 2629 "

1729 1319 1851 1409 ell
