1931 2760
250 499 281 533 15
284 499 294 532 .

261 656 282 691 1

363 445 388 480 1

330 708 361 743 -6-

432 498 466 533 -6-

441 659 469 689 2

514 340 760 379 PSALMS

572 447 638 482 213

616 658 630 695 Jonk

692 498 730 532 6-
759 490 853 526 ___

616 658 637 692 1

566 710 821 746 -7-6--5-

261 916 599 957 3-4--2--5
603 918 619 956 |
620 918 722 957 1-2-

418 1080 513 1107 PSALM
544 1079 635 1106 XLVI
638 1080 645 1105 .

226 1129 241 1162 1
260 1129 317 1162 God
330 1129 352 1162 is
366 1129 413 1163 our
422 1130 512 1164 refuge
526 1130 578 1163 and
595 1131 642 1164 our
659 1131 777 1165 strength
780 1132 787 1165 ,

291 1165 320 1194 in
330 1165 419 1194 straits
433 1165 449 1194 a
461 1165 569 1194 present
582 1165 625 1194 aid
629 1165 636 1194 .

822 340 1231 379 46-47-48-49
1240 340 1255 379 .

224 1427 243 1456 4
259 1427 284 1456 A
296 1427 366 1456 river
383 1427 404 1456 is
410 1427 416 1456 ,
430 1427 519 1457 whose
534 1428 643 1457 streams
659 1428 692 1457 do
703 1428 764 1458 glad

291 1462 337 1492 the
353 1462 407 1492 city
417 1462 448 1492 of
455 1462 501 1492 our
512 1462 570 1492 God
575 1462 584 1492 ;

260 1495 316 1526 The
330 1495 390 1525 holy
402 1493 478 1524 place
493 1492 580 1524 where
584 1493 609 1523 in
623 1492 668 1523 the
684 1491 750 1522 Lord

293 1528 363 1559 most
376 1527 436 1558 high
450 1526 513 1557 hath
525 1527 566 1556 his
580 1525 666 1556 abode
671 1525 678 1554 .

225 1196 243 1226 2
262 1195 404 1227 Therefore
409 1197 414 1227 ,
428 1196 553 1228 although
566 1198 611 1228 the
624 1198 698 1228 earth
710 1198 818 1230 remove
821 1199 828 1229 ,

292 1231 333 1259 we
353 1231 409 1258 will
421 1230 467 1258 not
479 1230 511 1257 be
526 1229 609 1257 afraid
613 1230 621 1257 ;

229 1723 245 1753 6
265 1723 321 1753 The
335 1723 452 1754 heathen
464 1724 535 1754 rag'd
549 1723 740 1755 tumultuously
744 1725 752 1755 ,

293 1758 337 1787 the
350 1757 491 1786 kingdoms
503 1757 598 1786 moved
617 1757 687 1785 were
698 1757 706 1785 :

262 1791 319 1817 The
335 1791 403 1817 Lord
416 1791 472 1817 God
486 1791 588 1817 uttered
604 1791 643 1817 his
656 1791 734 1817 voice
737 1791 745 1817 ,

295 1824 351 1847 The
366 1824 441 1847 earth
455 1824 498 1847 did
514 1824 578 1847 melt
592 1824 626 1847 for
640 1824 695 1847 fear
699 1824 706 1847 .

807 888 839 917 (

224 1316 244 1338 3

259 1280 370 1311 Though
383 1280 443 1311 hills
458 1280 556 1311 amidst
569 1280 612 1311 the
627 1280 686 1311 seas
696 1280 729 1311 be
743 1280 803 1311 cast
806 1280 813 1311 :

293 1314 409 1343 Though
423 1314 519 1343 waters
538 1314 641 1343 roaring
654 1314 734 1343 make
737 1314 743 1343 ,

258 1346 323 1377 And
337 1346 457 1377 troubled
470 1346 502 1377 be
509 1346 515 1377 ;
532 1346 583 1377 yea
588 1346 592 1377 ,
608 1346 708 1377 though
719 1346 762 1377 the
777 1346 839 1377 hills

292 1380 327 1412 by
337 1378 460 1411 swelling
477 1377 538 1409 seas
549 1376 581 1407 do
594 1375 681 1407 shake
682 1375 690 1405 .

225 1873 241 1902 7
262 1873 318 1902 The
333 1873 403 1902 Lord
414 1873 445 1902 of
453 1873 524 1902 hosts
539 1873 606 1902 upon
621 1873 668 1902 our
680 1873 737 1902 side

292 1907 355 1937 doth
368 1906 519 1937 constantly
530 1906 632 1935 remain
636 1906 643 1935 :

260 1938 318 1968 The
332 1938 390 1968 God
403 1938 432 1969 of
441 1939 524 1970 Jacob
538 1939 544 1969 '
545 1939 554 1969 s
570 1940 616 1970 our
627 1940 717 1971 refuge
719 1941 727 1971 ,

293 1975 322 2003 us
335 1973 420 2002 safely
431 1972 458 2000 to
470 1969 604 1999 maintain
607 1970 616 1996 .

793 683 1113 750 6-567-

800 973 829 1007 5

225 1575 242 1603 5
260 1575 318 1603 God
332 1575 358 1603 in
370 1575 416 1603 the
430 1575 510 1603 midst
523 1575 553 1603 of
566 1575 611 1603 her
630 1575 693 1603 doth
712 1575 793 1603 dwell
796 1575 805 1603 ;

292 1611 402 1641 nothing
417 1612 487 1640 shall
502 1611 549 1639 her
560 1610 669 1639 remove
672 1611 681 1639 :

261 1641 319 1670 The
335 1641 404 1670 Lord
415 1641 442 1670 to
455 1642 501 1671 her
515 1642 547 1671 an
561 1642 651 1672 helper
665 1643 720 1672 will
723 1643 730 1672 ,

292 1672 345 1705 and
357 1673 417 1706 that
428 1674 498 1707 right
511 1676 582 1708 early
593 1677 672 1710 prove
676 1679 684 1710 .

224 2022 241 2050 8
259 2020 342 2049 Come
348 2021 353 2049 ,
372 2020 424 2048 and
437 2019 532 2048 behold
546 2019 618 2047 what
633 2017 769 2047 wondrous
784 2016 868 2046 works

292 2053 362 2084 have
375 2053 408 2084 by
420 2053 466 2084 the
481 2054 548 2085 Lord
564 2054 629 2085 been
643 2054 762 2087 wrought
765 2055 772 2086 :

260 2087 343 2116 Come
346 2087 352 2114 ,
367 2086 412 2114 see
428 2085 500 2114 what
513 2083 677 2112 desolations

292 2119 326 2148 he
345 2119 377 2148 on
396 2119 441 2148 the
456 2120 526 2149 earth
542 2120 604 2149 hath
618 2120 730 2151 brought
732 2121 738 2150 .

885 447 911 482 1
977 447 1000 482 1

225 2172 241 2196 9
260 2170 330 2195 Unto
343 2170 388 2194 the
408 2168 472 2194 ends
485 2169 516 2193 of
524 2169 558 2193 all
571 2168 617 2192 the
629 2167 703 2192 earth

292 2205 359 2234 wars
373 2205 428 2233 into
445 2203 529 2232 peace
544 2204 575 2232 he
593 2202 666 2231 turns
676 2203 684 2231 :

261 2233 319 2263 The
331 2233 390 2263 bow
403 2233 437 2263 he
448 2233 544 2265 breaks
551 2234 556 2264 ,
570 2234 614 2265 the
629 2235 704 2265 spear
722 2235 755 2265 he
765 2235 823 2266 cuts
826 2236 833 2266 ,

292 2269 318 2297 in
333 2269 377 2296 fire
390 2268 435 2296 the
448 2267 551 2296 chariot
563 2266 641 2295 burns
643 2266 652 2293 ,

1107 446 1135 483 1

1148 498 1340 536 -7--5

1304 497 1476 533 -5-5-

1169 658 1192 692 1
1245 657 1269 691 2

1269 709 1353 747 -7
1424 711 1441 744 -
1433 710 1444 743 :
1449 710 1467 743 1-

922 921 954 956 -3
982 921 1271 956 4-6-5-

1326 973 1353 1006 5
1450 973 1460 1005 :
1463 972 1484 1004 1

905 1132 936 1160 10
955 1132 992 1159 Be
1006 1132 1060 1159 still
1063 1132 1069 1159 ,
1084 1131 1135 1159 and
1149 1131 1226 1158 know
1240 1131 1299 1158 that
1310 1130 1322 1157 I
1337 1130 1378 1157 am
1393 1130 1452 1157 God
1459 1130 1470 1157 :

986 1167 1083 1201 among
1094 1165 1139 1196 the
1152 1161 1270 1195 heathen
1281 1159 1296 1189 I

956 1200 1024 1226 Will
1033 1200 1065 1226 be
1079 1200 1186 1226 exalted
1199 1200 1206 1226 ;
1224 1200 1235 1226 I
1249 1200 1280 1226 on
1296 1200 1371 1226 earth

989 1229 1046 1260 will
1058 1230 1089 1260 be
1101 1231 1209 1261 exalted
1220 1232 1285 1263 high
1288 1233 1295 1262 .

906 1293 934 1321 11
953 1293 1009 1321 Our
1021 1293 1078 1321 God
1083 1293 1088 1321 ,
1104 1293 1164 1321 who
1178 1293 1199 1321 is
1212 1293 1256 1321 the
1274 1293 1342 1321 Lord
1352 1293 1384 1321 of
1389 1293 1463 1321 hosts
1467 1293 1475 1321 ,

987 1327 1010 1355 is
1025 1327 1081 1355 still
1090 1327 1160 1355 upon
1174 1327 1219 1355 our
1231 1327 1290 1355 side
1294 1327 1302 1355 ;

957 1357 1014 1385 The
1028 1357 1086 1386 God
1100 1358 1130 1385 of
1137 1358 1222 1387 Jacob
1226 1359 1230 1386 ,
1246 1359 1290 1387 our
1303 1360 1394 1388 refuge

988 1392 1089 1416 forever
1102 1392 1158 1416 will
1170 1392 1249 1416 abide
1253 1392 1260 1416 .

1107 1459 1204 1482 PSALM
1208 1459 1214 1482 .
1235 1459 1341 1482 XLVII
1343 1459 1351 1482 .

919 1508 933 1540 1
952 1507 1013 1539 ALL
1029 1507 1123 1539 people
1126 1507 1131 1539 ,
1144 1507 1201 1539 clap
1214 1506 1279 1538 your
1288 1506 1372 1538 hands
1378 1506 1387 1538 ;
1403 1506 1431 1538 to
1443 1505 1502 1538 God

941 1540 978 1570 be
987 1540 1054 1570 with
1065 1540 1142 1570 voice
1156 1540 1186 1570 of
1193 1541 1307 1571 triumph
1329 1541 1409 1571 shout
1411 1542 1419 1572 :

919 1575 936 1604 2
956 1575 1007 1604 For
1020 1575 1140 1604 dreadful
1152 1575 1173 1604 is
1187 1575 1230 1604 the
1245 1575 1314 1604 Lord
1327 1575 1398 1604 most
1411 1575 1475 1604 high
1477 1575 1485 1604 ,

986 1608 1062 1640 great
1071 1607 1144 1639 King
1154 1608 1201 1638 the
1216 1606 1288 1638 earth
1304 1606 1464 1638 throughout
1466 1606 1474 1636 .

921 1668 938 1699 3
956 1668 1014 1699 The
1027 1668 1145 1699 heathen
1158 1668 1253 1699 people
1266 1668 1350 1699 under
1361 1668 1393 1699 us

987 1702 1020 1731 he
1040 1702 1126 1730 surely
1139 1702 1207 1730 shall
1220 1701 1321 1730 subdue
1325 1701 1334 1729 ;

956 1734 1018 1758 And
1031 1734 1063 1758 he
1079 1734 1148 1758 shall
1159 1734 1238 1758 make
1253 1734 1298 1758 the
1312 1734 1419 1758 nations

987 1768 1069 1790 under
1082 1768 1127 1790 our
1140 1768 1194 1790 feet
1205 1768 1232 1790 to
1245 1768 1303 1790 bow
1310 1768 1317 1790 .

919 1828 936 1852 4
956 1828 1013 1852 The
1026 1828 1064 1852 lot
1075 1828 1107 1852 of
1113 1828 1158 1852 our
1170 1828 1337 1852 inheritance

986 1861 1082 1886 choose
1096 1861 1141 1885 out
1154 1861 1190 1885 for
1203 1861 1232 1885 us
1246 1860 1316 1884 shall
1327 1860 1361 1884 he
1365 1860 1371 1884 ,

956 1893 997 1922 Of
1001 1893 1085 1921 Jacob
1090 1893 1095 1921 ,
1110 1892 1194 1921 whom
1207 1892 1239 1920 he
1254 1892 1330 1920 loved
1344 1891 1406 1919 weil
1408 1891 1415 1919 ,

989 1927 1047 1955 ev'n
1064 1927 1111 1955 the
1123 1927 1279 1957 excellency
1282 1929 1289 1957 .

1084 2086 1170 2115 praise
1174 2086 1183 2113 ;

984 2120 1074 2149 praise
1086 2120 1112 2149 to
1126 2120 1173 2149 our
1184 2120 1257 2149 King
1271 2120 1329 2149 sing
1339 2120 1374 2149 ye
1378 2120 1385 2149 .

1518 340 1569 375 49

920 1985 937 2016 5
955 1985 1012 2016 God
1026 1985 1048 2016 is
1066 1985 1132 2016 with
1151 1985 1240 2016 shouts
1254 1985 1321 2016 gone
1332 1985 1365 2016 up
1371 1985 1376 2016 ,
1388 1985 1434 2016 the
1447 1985 1518 2016 Lord

987 2017 1052 2049 with
1063 2017 1192 2049 trumpets
1205 2017 1337 2049 sounding
1348 2017 1411 2049 high
1416 2017 1423 2049 .

918 2054 933 2084 6
952 2053 1017 2083 Sing
1035 2052 1122 2083 praise
1143 2052 1170 2082 to
1185 2052 1243 2082 God
1246 2052 1251 2082 ,
1277 2051 1336 2082 sing
1355 2051 1442 2081 praise
1446 2051 1452 2081 ,
1473 2050 1534 2080 sing

922 2168 937 2199 7
956 2167 1005 2198 For
1018 2167 1075 2198 God
1090 2167 1111 2198 is
1123 2166 1194 2198 King
1207 2166 1237 2197 of
1246 2166 1280 2197 all
1292 2166 1338 2197 the
1352 2165 1427 2196 earth
1439 2165 1448 2196 :

986 2198 1053 2230 with
1065 2198 1222 2232 knowledge
1237 2200 1322 2232 praise
1336 2201 1442 2233 express
1443 2202 1451 2233 .

918 2232 935 2261 8
952 2232 1011 2261 God
1022 2232 1091 2261 rules
1104 2232 1150 2261 the
1164 2232 1269 2261 nations
1276 2232 1282 2261 ,
1300 2232 1359 2261 God
1372 2232 1421 2261 sits
1432 2232 1466 2261 on

986 2268 1028 2291 his
1040 2268 1131 2291 throne
1145 2268 1176 2291 of
1188 2268 1307 2291 holiness
1310 2268 1319 2291 .

1539 1157 1561 1181 1

1503 1878 1523 1898 (
1504 1877 1582 1900 02.04
