2261 3402
409 329 498 406 No.
511 329 624 406 116.
694 329 875 406 Come
916 329 982 406 to
1023 329 1119 406 the
1173 329 1357 406 Cross
1405 329 1467 406 of
1517 329 1702 406 Jesus
1701 329 1722 406 .

432 452 465 477 C.
479 452 525 477 M.
537 452 579 477 H.

388 524 488 646 &

401 2154 484 2291 $

561 581 602 618 8

468 2513 527 2549 -0.6

554 718 576 745 1
578 718 588 745 .

566 933 605 971 6

465 974 604 1021 02-8

560 807 584 835 2
584 806 592 834 .

649 696 741 725 Hear
765 696 829 725 the
845 696 955 725 sweet
965 696 1064 725 voice
1088 696 1128 725 of

646 732 754 772 Come
769 734 842 773 and
868 736 937 774 His
950 737 1050 777 prom
1063 739 1080 776 -
1087 740 1122 778 is

667 779 723 814 Ye
761 781 843 815 who
877 782 937 817 are
966 784 1045 819 sore
1060 786 1076 819 -
1084 786 1124 820 ly

762 827 843 862 who
877 830 937 864 are
972 832 1069 866 wea-
1086 835 1129 868 ry

669 825 723 859 Ye

590 1273 684 1303 cross
704 1271 750 1299 of

590 1317 683 1348 cross
705 1315 751 1343 of

591 1362 684 1391 cross
705 1361 750 1387 of

591 1407 685 1437 cross
707 1405 750 1432 of

835 1267 994 1308 Jesus
1000 1279 1012 1309 ;

835 1315 883 1344 Je
892 1317 913 1345 -
932 1319 993 1349 sus
994 1322 1004 1349 .

836 1355 884 1389 Je
895 1360 916 1391 -
933 1363 995 1397 sus
1002 1368 1014 1399 ;

835 1402 882 1432 Je
893 1405 914 1434 -
931 1407 995 1438 sus
995 1410 1006 1438 .

545 2318 751 2357 blessings
774 2318 854 2357 that
907 2330 977 2349 nev

558 2364 642 2404 give
677 2363 751 2402 you
798 2362 818 2400 e
855 2361 874 2399 -
910 2359 968 2399 ter

990 2381 1001 2385 -

1006 2338 1017 2343 -

1197 704 1221 724 a

1189 749 1227 768 es

1184 784 1236 820 by

1174 827 1247 858 and

544 1843 638 1871 Here
671 1843 759 1871 from
808 1843 862 1871 all
918 1842 975 1874 sin
1041 1844 1077 1873 is

545 1885 652 1923 Come
668 1886 757 1924 from
800 1887 862 1923 the
877 1887 1009 1925 depths
1040 1889 1082 1925 of
1150 1887 1198 1916 de
1263 1887 1338 1918 feat
1429 1897 1467 1916 or

1247 515 1387 632 E

1310 694 1490 732 biding
1525 694 1607 732 love
1610 694 1618 732 ,
1663 694 1772 732 Come
1830 699 1871 724 to
1940 695 2008 724 the

1315 740 1480 777 fully
1512 740 1622 777 prove
1624 740 1633 777 ,
1663 740 1771 777 Come
1831 744 1869 768 to
1939 740 2006 769 the

1318 785 1373 823 sin
1419 783 1609 822 oppressed
1611 784 1618 821 ,
1664 782 1774 821 Come
1833 788 1872 812 to
1943 785 2007 813 the

1301 829 1491 867 seeking
1535 829 1608 867 rest
1611 829 1619 867 ,
1665 829 1774 867 Come
1834 832 1871 857 to
1944 830 2008 856 the

1120 1291 1214 1320 Here
1238 1291 1275 1320 at
1321 1291 1383 1320 the
1397 1291 1489 1320 cross
1504 1291 1560 1320 He
1584 1291 1663 1320 will

1088 1375 1195 1411 Come
1207 1377 1313 1413 when
1326 1380 1389 1414 the
1402 1381 1487 1416 surg
1487 1383 1500 1416 -
1502 1383 1540 1417 es
1601 1378 1646 1408 of

1656 454 1738 481 Rev.
1751 454 1784 481 C.
1799 454 1843 481 M.
1859 454 1959 482 HOTT
1961 455 1969 482 .

1163 1853 1187 1873 a
1266 1843 1339 1873 full
1436 1842 1618 1877 release
1620 1843 1627 1876 ,
1684 1842 1780 1871 Here
1825 1851 1885 1872 are
1953 1842 2022 1872 His

1520 1885 1620 1924 strife
1625 1885 1631 1922 ,
1674 1883 1780 1922 Come
1784 1883 1794 1920 ,
1823 1881 1880 1920 He

1943 1886 2022 1916 will

1226 1905 1238 1911 4

376 2646 398 2686 3
418 2646 461 2688 Ye
477 2647 544 2689 who
560 2648 611 2690 are
625 2649 770 2692 hardened
787 2652 845 2693 and
859 2653 905 2695 far
924 2654 1016 2696 away
1016 2656 1025 2696 ,

469 2697 549 2736 Come
564 2699 590 2736 to
606 2699 655 2737 the
671 2699 745 2738 cross
761 2701 793 2738 of
811 2701 894 2740 Jesus
907 2702 917 2739 ;

425 2739 500 2781 Hear
517 2741 581 2782 Him
598 2742 626 2782 so
644 2742 774 2784 tenderly
790 2743 877 2785 plead
892 2745 918 2785 to
920 2745 931 2785 -
933 2745 990 2787 day
992 2746 1002 2786 ,

470 2788 548 2820 Come
566 2788 589 2820 to
607 2788 654 2820 the
671 2788 745 2821 cross
761 2789 793 2821 of
810 2789 893 2821 Jesus
896 2789 904 2821 .

423 2833 541 2875 Though
557 2833 611 2875 you
629 2833 706 2875 have
722 2833 843 2875 slighted
862 2833 910 2875 His
929 2833 993 2875 love
1009 2833 1039 2875 so
1053 2833 1123 2875 long
1123 2833 1132 2875 ,

469 2873 542 2918 Gone
558 2874 633 2919 with
648 2875 722 2920 your
737 2876 819 2921 heart
835 2878 862 2921 in
880 2878 927 2923 the
944 2878 1028 2923 ways
1044 2880 1078 2923 of
1088 2880 1189 2925 wrong
1189 2882 1196 2925 ,

423 2917 492 2959 Still
508 2918 546 2959 He
563 2918 629 2960 will
644 2919 714 2961 save
732 2920 805 2962 with
822 2921 870 2962 His
888 2922 951 2963 arm
967 2923 998 2963 so
1013 2923 1111 2964 strong
1114 2924 1123 2964 ,

468 2967 547 2999 Come
566 2967 590 2999 to
607 2967 653 2999 the
670 2967 745 3000 cross
761 2968 794 3000 of
811 2968 893 3000 Jesus
896 2968 905 3000 .

1713 1289 1796 1329 give
1811 1293 1882 1331 you
1895 1295 2001 1335 peace
2003 1299 2010 1335 ,

1728 1379 1786 1409 sin
1832 1380 1894 1417 are
1905 1379 1975 1416 rife
1975 1379 1985 1414 ,

1043 2323 1081 2357 er
1112 2322 1211 2356 cease
1218 2322 1228 2354 ;
1268 2320 1373 2354 Come
1399 2319 1435 2352 to
1476 2317 1539 2351 the
1550 2316 1643 2350 cross
1680 2315 1725 2348 of

1034 2364 1096 2399 nal
1140 2364 1204 2399 life
1206 2364 1213 2399 ,

1271 2364 1376 2399 Come
1400 2364 1437 2399 to
1478 2364 1539 2399 the
1552 2364 1644 2399 cross
1682 2364 1727 2399 of

1811 2316 1857 2346 Je
1868 2318 1886 2347 -
1899 2320 1960 2351 sus
1961 2323 1970 2351 .

1810 2360 1857 2390 Je
1869 2362 1886 2390 -
1898 2363 1961 2392 sus
1960 2366 1969 2393 .

1272 2655 1292 2696 4
1319 2654 1397 2695 Why
1414 2653 1481 2695 will
1496 2653 1550 2694 you
1568 2653 1615 2694 die
1633 2652 1716 2694 when
1730 2652 1808 2693 there
1824 2651 1873 2693 yet
1888 2651 1911 2692 is
1928 2651 2002 2692 room
2017 2651 2036 2692 ?

1365 2698 1444 2733 Come
1459 2698 1485 2733 to
1502 2698 1550 2733 the
1567 2698 1641 2733 cross
1657 2698 1690 2733 of
1710 2698 1791 2733 Jesus
1801 2698 1811 2733 ;

844 3018 948 3050 From
963 3019 982 3049 "
992 3019 1104 3051 Sweet
1120 3020 1232 3052 Fields
1247 3022 1284 3052 of
1301 3022 1394 3053 Eden
1399 3023 1407 3053 ,
1410 3023 1421 3053 "
1442 3023 1486 3053 by
1501 3024 1561 3054 per
1563 3024 1571 3054 .

1165 3069 1251 3101 76

1321 2745 1402 2788 Why
1416 2744 1484 2787 will
1502 2743 1558 2785 you
1576 2742 1671 2785 perish
1689 2742 1716 2783 in
1736 2740 1812 2783 sight
1827 2740 1857 2782 of
1878 2739 1960 2781 home
1967 2739 1989 2780 ?

1365 2787 1443 2821 Come
1461 2787 1486 2820 to
1503 2787 1548 2820 the
1566 2786 1640 2819 cross
1656 2786 1689 2819 of
1706 2785 1789 2819 Jesus
1792 2785 1800 2818 .

1320 2831 1409 2874 What
1424 2832 1491 2873 will
1506 2831 1561 2872 you
1580 2831 1613 2872 do
1632 2830 1717 2872 when
1734 2830 1773 2871 He
1791 2828 1883 2871 comes
1900 2829 1931 2870 at
1944 2829 2004 2870 last
2010 2829 2031 2870 ?

1363 2876 1431 2920 How
1450 2877 1503 2919 can
1519 2876 1576 2918 you
1594 2875 1652 2918 live
1669 2875 1714 2917 till
1733 2874 1782 2917 His
1799 2873 1896 2917 wrath
1912 2873 1936 2915 is
1948 2872 2015 2915 past
2020 2872 2040 2914 ?

1317 2923 1357 2963 Oh
1359 2923 1365 2962 ,
1383 2923 1452 2962 heed
1471 2922 1520 2962 His
1537 2922 1593 2961 call
1597 2922 1602 2961 ,
1621 2922 1643 2961 it
1659 2921 1726 2961 may
1743 2921 1774 2960 be
1790 2921 1837 2960 the
1853 2920 1913 2960 last
1919 2920 1931 2959 !

1363 2967 1441 2999 Come
1458 2967 1484 2998 to
1500 2967 1547 2998 the
1564 2966 1637 2998 cross
1653 2966 1685 2997 of
1703 2966 1786 2997 Jesus
1788 2966 1796 2997 .
