1568 2429
0 1399 9 1419 3

0 1443 16 1465 e

0 1578 14 1603 5

0 1815 19 1845 3

0 1862 14 1886 K

0 2052 17 2079 3

0 2104 16 2125 0

0 2143 18 2176 5
0 2142 17 2175 )

491 159 977 195 Catechismuslieder
973 159 984 195 .

1279 165 1343 192 115

147 248 194 296 die
207 248 275 296 nun
292 248 408 296 Gottes
427 248 540 296 tempel
554 248 636 296 feind
644 248 653 296 ,
669 248 733 296 Die

147 295 262 338 bleiben
275 295 330 338 für
358 295 425 338 dem
451 295 543 338 bösen
570 295 653 338 feind
683 295 730 338 In

149 345 248 386 deiner
265 345 363 386 gnade
378 345 467 386 sicher
469 345 478 386 .

170 388 204 432 7.
227 388 264 432 O
277 388 357 432 Herr
372 388 383 432 !
399 388 439 432 an
454 388 530 432 diese
542 388 723 432 würdigkeit
725 388 734 432 ,

790 388 825 432 2.
848 388 899 432 Ja
909 388 919 432 !
954 388 988 432 es
1019 388 1144 432 schallet
1185 388 1347 432 allermeist

151 435 213 474 Die
228 435 269 474 du
286 435 346 474 mir
370 435 480 474 wollen
506 435 639 474 schenken
645 435 653 474 ,
667 435 730 474 Laß
768 435 878 474 Dieses
912 435 995 474 wort
1027 435 1056 474 in
1088 435 1201 474 unsern
1233 435 1326 474 ohren
1337 435 1350 474 :

149 483 221 527 mich
239 482 357 526 jetzund
375 482 437 526 und
458 481 573 525 allezeit
596 481 641 525 In
661 481 719 524 mei
722 481 733 524 -
765 481 842 524 Wer
860 480 944 523 durch
960 480 1067 523 waffer
1081 479 1142 522 und
1159 479 1243 522 durch
1261 478 1348 522 Geist

151 530 202 573 ner
213 530 289 573 noth
301 530 445 573 gedenken
448 530 456 573 ,
466 530 541 573 Daß
555 530 592 573 ich
606 530 732 573 dadurch
767 530 860 573 Nicht
874 530 970 573 zuvor
989 530 1021 573 ist
1040 530 1231 573 neugeboren
1234 530 1243 573 ,
1253 530 1346 573 Wird

152 578 196 619 ein
224 578 310 619 herze
325 578 380 619 faß
385 578 395 619 ,
421 578 491 619 Und
522 578 631 619 immer
660 578 732 619 mich
769 578 830 619 von
847 578 895 619 dir
912 578 990 619 nicht
1007 578 1245 619 aufgenommen
1248 578 1257 619 ,
1278 578 1349 619 Und

152 623 267 666 darauf
280 622 388 665 verlaß
392 623 401 664 ,
422 623 498 664 Daß
519 623 558 664 du
575 622 636 663 mir
652 622 725 663 hülf
721 622 734 663 '
769 621 797 662 in
817 620 931 662 Gottes
953 620 1028 662 reich
1048 620 1128 661 nicht
1142 618 1281 661 kommen
1282 619 1293 660 .

152 670 342 707 versprochen
341 671 351 705 .

157 1445 219 1500 Mel
219 1447 231 1499 .
245 1448 317 1502 Was
331 1450 400 1504 mein
414 1452 487 1506 Gott
492 1454 551 1507 will
550 1456 558 1508 ,
568 1456 618 1509 bas
639 1458 654 1510 c
655 1458 664 1510 .
693 1459 732 1513 57
730 1460 743 1512 .

411 1513 459 1552 err
470 1513 480 1551 !
497 1511 590 1551 schaff
598 1510 659 1550 uns
663 1511 672 1549 ,
681 1509 742 1549 wie

158 1517 296 1589 189
295 1520 320 1589 .

450 1557 495 1588 die
522 1555 632 1587 kleinen
661 1554 728 1586 find
733 1555 743 1585 ,

157 1600 208 1656 In
221 1595 369 1654 unschuld
381 1592 444 1647 neu
457 1586 587 1645 geboren
587 1587 597 1640 ,
607 1584 671 1639 Als
683 1581 742 1637 wir

159 1642 279 1701 getauft
293 1640 337 1696 im
351 1635 464 1694 wasser
469 1633 539 1690 sind
540 1633 552 1687 ,
559 1630 613 1686 zu
624 1626 745 1685 deinem

158 1686 231 1741 volk
250 1688 374 1744 erkoren
375 1691 387 1744 ,
407 1691 488 1747 Daß
509 1693 651 1750 demnach
670 1696 730 1751 sich
731 1698 742 1751 ,

160 1732 241 1792 Herr
253 1734 359 1794 Christ
399 1737 441 1795 an
452 1738 517 1796 dich
527 1739 598 1798 Der
608 1741 744 1801 fündlich

161 1794 272 1836 mensch
289 1793 391 1834 ergebe
395 1793 404 1833 ,
422 1791 498 1833 Daß
514 1791 544 1832 er
557 1790 640 1832 wohl
656 1789 731 1830 sterb
735 1789 745 1829 ,

160 1836 229 1899 Und
244 1833 328 1895 nicht
341 1827 467 1891 verderb
468 1827 479 1886 ,
489 1822 566 1885 Mit
576 1820 627 1882 dir
640 1815 731 1879 ersteh

163 1888 222 1922 und
237 1887 305 1920 lebe
305 1887 316 1919 .

766 248 869 296 befehl
891 248 1018 296 gegeben
1022 248 1029 296 ,
1058 248 1136 296 Daß
1153 248 1227 296 man
1253 248 1296 296 sie
1309 248 1347 296 zu

768 295 890 338 Christo
928 295 1022 338 führe
1023 295 1032 338 ,
1071 295 1168 338 Denn
1192 295 1252 338 das
1265 295 1348 338 hims

765 339 902 379 melreich
920 342 958 380 ist
970 343 1036 380 ihre
1036 345 1046 381 .

793 668 827 706 3.
851 667 977 707 Darum
1016 669 1094 707 eilen
1130 669 1190 708 wir
1220 670 1259 708 zu
1292 670 1341 709 dir
1341 671 1350 709 ,

173 715 208 757 8.
230 715 286 757 Ich
298 715 362 757 hab
366 715 376 757 '
387 715 462 757 auch
475 715 523 757 bei
536 715 598 757 dem
615 715 736 757 wasser-
768 715 879 757 Nimm
899 715 957 757 das
970 715 1067 757 pfand
1086 715 1149 757 von
1165 715 1276 757 unsern
1301 715 1338 757 ar-

153 761 211 804 bad
231 761 318 804 Mich
338 761 385 804 dir
394 761 461 804 zum
488 761 581 804 dienst
604 761 719 804 verbun
725 761 736 804 -
769 761 837 804 men
841 761 849 804 ,
859 761 947 804 Tritt
962 761 1020 804 mit
1037 761 1153 804 deinem
1177 761 1270 804 glanz
1284 761 1339 804 her-

156 809 208 852 den
220 809 229 852 ;
248 809 350 852 Drum
367 809 414 852 gib
419 809 428 852 ,
441 809 499 852 daß
515 809 594 852 keine
606 809 735 852 sünden-
769 809 822 852 für
825 809 834 852 ,
862 809 931 852 Und
952 809 1063 852 erzeige
1084 809 1151 852 dein
1180 809 1341 852 erbarmen
1343 809 1354 852 ,

153 855 223 896 that
233 855 281 896 In
298 855 359 896 mir
375 855 455 896 werd
458 855 469 896 '
479 855 650 896 herrschend
663 855 736 896 fun-
770 855 845 896 Daß
872 855 904 896 es
926 855 995 896 dein
1021 855 1084 896 kind
1103 855 1169 896 hier
1191 855 1250 896 auf
1261 855 1352 896 erden

156 902 209 943 den
223 902 233 943 ;
258 902 322 943 Gib
328 902 338 943 ,
353 902 414 943 daß
430 902 483 943 für
501 902 585 943 deine
602 902 657 943 güt
673 902 735 943 und
771 902 839 943 Und
859 902 900 943 im
917 902 1049 943 himmel
1070 902 1160 943 möge
1175 902 1294 943 werden
1297 902 1307 943 .

155 950 219 991 treu
236 950 292 991 Ich
310 950 368 991 den
384 950 542 991 gehorsam
571 950 644 991 stets
669 950 724 991 ver-

155 996 212 1038 neu
214 996 223 1037 ,
238 996 312 1037 Den
332 996 370 1037 ich
389 995 431 1036 da
447 994 612 1037 angelobet
611 994 621 1035 .

177 1039 212 1083 9.
234 1039 303 1083 Und
320 1039 351 1084 so
371 1040 410 1084 ich
427 1040 498 1084 was
519 1041 577 1085 aus
596 1041 722 1087 schwach-

154 1089 218 1132 heit
232 1089 287 1132 thu
292 1089 300 1132 ,
317 1089 392 1132 Das
410 1090 508 1133 wollst
527 1090 567 1133 du
593 1090 654 1133 mir
670 1091 724 1134 ver-

154 1136 253 1180 zeihen
257 1136 266 1179 ,
288 1136 355 1180 und
372 1137 434 1180 mir
458 1137 490 1180 es
515 1138 553 1181 ja
569 1138 647 1181 nicht
662 1139 720 1182 rech-

158 1182 213 1228 nen
228 1182 265 1228 zu
268 1182 277 1228 ,
294 1182 359 1228 Die
375 1182 473 1228 gnade
486 1182 558 1228 auch
575 1182 728 1228 verleihen
730 1182 740 1228 ,

159 1231 231 1276 Daß
254 1231 291 1275 ich
321 1230 363 1274 an
391 1230 440 1274 dir
464 1228 620 1274 beständig
649 1227 727 1272 bleib
729 1228 740 1272 ,

157 1263 221 1313 Bis
237 1265 279 1315 du
295 1266 343 1316 die
355 1267 433 1318 seele
447 1269 509 1319 von
527 1271 592 1320 dem
616 1272 673 1322 leib
691 1274 741 1323 3u

159 1326 204 1364 dir
220 1324 335 1363 hinauf
347 1323 431 1362 wirst
447 1323 578 1361 nehmen
580 1323 594 1360 .

357 1369 398 1395 Dr.
407 1369 486 1394 Justus
499 1369 601 1394 Gesenius
606 1369 613 1394 ,
626 1368 676 1393 1671
680 1368 687 1393 .

162 1970 223 2016 Mel
223 1970 234 2014 .
242 1967 350 2014 Liebster
361 1966 429 2011 Jesu
434 1965 444 2009 ,
452 1964 502 2009 wir
516 1962 571 2008 sind
584 1961 640 2006 hier
650 1959 675 2005 sc
679 1960 686 2004 .
697 1958 734 2004 45
738 1959 747 2003 .

420 2011 526 2061 iebster
549 2008 626 2058 Jesu
642 2008 653 2055 !
686 2006 746 2055 wir

168 2029 298 2092 190
306 2029 321 2090 .

431 2064 498 2110 sind
513 2062 581 2108 hier
586 2062 594 2105 ,
609 2057 745 2105 Deinem

535 2100 648 2151 Dieses
664 2098 729 2147 kind

163 2111 261 2162 worte
275 2105 476 2159 nachzuleben
479 2105 489 2152 .

169 2160 227 2200 lein
253 2158 370 2199 kömmt
385 2158 422 2198 zu
447 2158 495 2197 dir
498 2158 508 2197 ,
530 2156 617 2197 Weil
632 2156 671 2196 du
690 2156 745 2195 den

794 958 828 997 4.
852 956 961 996 Wasch
982 956 1012 994 es
1019 956 1028 994 ,
1043 954 1122 994 Jesu
1136 955 1147 993 !
1169 953 1256 993 durch
1284 952 1352 992 dein

770 1002 841 1037 blut
870 1002 943 1037 Von
968 1002 1023 1037 den
1044 1002 1221 1037 anererbten
1239 1002 1342 1037 flecken
1344 1002 1354 1037 ,

770 1042 834 1087 Laß
852 1043 881 1087 es
899 1043 971 1087 bald
986 1044 1055 1088 nach
1071 1044 1165 1090 dieser
1179 1045 1260 1090 fluth
1277 1045 1340 1090 Dei-

773 1091 829 1134 nen
842 1091 1082 1136 purpurmantel
1094 1092 1193 1136 decken
1197 1093 1206 1136 ,
1220 1093 1349 1137 Schenk

775 1139 838 1182 ihm
868 1139 971 1184 deiner
997 1140 1142 1185 unschuld
1159 1142 1242 1186 seide
1245 1142 1254 1185 ,
1271 1142 1352 1186 Daß

775 1182 805 1228 es
822 1182 875 1228 sich
894 1182 923 1228 in
942 1182 991 1228 dir
1013 1182 1158 1228 verkleide
1159 1182 1168 1228 .

796 1241 830 1281 5.
853 1241 967 1281 Mache
987 1241 1060 1281 licht
1090 1241 1151 1281 aus
1183 1241 1342 1281 finsterniß
1345 1241 1355 1281 ,

775 1276 848 1325 Seß
866 1278 900 1327 es
917 1279 979 1329 aus
997 1281 1063 1330 dem
1078 1282 1153 1333 zorn
1169 1284 1227 1334 zur
1241 1286 1341 1336 gnade
1341 1288 1352 1336 ,

776 1332 851 1374 Heil
841 1332 858 1374 '
896 1332 953 1374 den
999 1333 1092 1376 tiefen
1139 1333 1356 1377 schlangenbiß

776 1384 879 1423 Durch
899 1384 949 1423 die
968 1384 1050 1423 kraft
1066 1384 1106 1423 im
1131 1384 1337 1423 wunderbade
1346 1384 1358 1423 ;

775 1461 830 1514 So
848 1463 976 1519 vergeht
993 1467 1045 1520 der
1076 1469 1198 1524 aussaß
1215 1472 1347 1528 drinnen
1348 1476 1360 1528 .

773 1430 838 1472 Laß
866 1429 932 1471 hier
965 1428 1053 1470 einen
1076 1427 1203 1469 Jordan
1234 1426 1348 1468 rinnen
1347 1426 1359 1466 ,

799 1528 832 1568 6.
858 1528 946 1568 Hirte
959 1528 969 1568 !
994 1528 1092 1568 nimm
1120 1528 1188 1568 dein
1215 1528 1357 1568 schäflein

776 1579 819 1633 an
826 1578 840 1631 ;
863 1573 976 1630 Haupt
986 1572 998 1625 !
1018 1568 1107 1624 mach
1130 1566 1164 1620 es
1178 1564 1218 1619 zu
1239 1559 1357 1617 deinem

773 1620 876 1679 gliede
883 1621 897 1675 ;
920 1611 1145 1674 Himmelsweg
1154 1611 1166 1665 !
1193 1608 1260 1664 zeig
1292 1604 1358 1660 ihm

778 1670 825 1710 die
861 1670 946 1709 bahn
961 1670 971 1709 ;
1010 1668 1199 1709 Friedefürst
1212 1668 1221 1707 !
1258 1667 1359 1707 schenk

777 1698 840 1753 ihm
892 1701 953 1756 den
992 1703 1110 1758 frieden
1121 1706 1133 1759 ;
1179 1707 1350 1763 Weinstock
1347 1710 1359 1763 ,

777 1744 842 1803 hilf
848 1746 859 1803 !
884 1746 946 1805 daß
979 1748 1075 1808 dieser
1104 1750 1175 1809 rebe
1204 1752 1289 1812 Auch
1315 1755 1358 1813 im

775 1808 912 1873 glauben
931 1804 994 1867 dich
1008 1799 1139 1864 umgebe
1140 1799 1151 1858 .

804 1862 837 1903 7.
862 1862 940 1903 Nun
954 1862 1015 1903 wir
1031 1862 1119 1904 legen
1139 1863 1179 1904 an
1197 1863 1265 1904 dein
1279 1863 1355 1905 herz
1348 1864 1362 1905 ,

779 1906 865 1947 Was
890 1908 959 1948 vom
987 1908 1096 1949 herzen
1123 1910 1160 1950 ist
1191 1911 1348 1953 gegangen
1352 1913 1362 1952 ,

778 1956 868 2002 Führ
869 1956 879 2000 '
910 1953 957 1999 die
981 1951 1094 1998 seufzer
1113 1945 1346 1995 himmelwärts
1349 1945 1359 1989 ,

780 2003 848 2053 Und
861 2000 972 2051 erfülle
995 1999 1055 2047 das
1079 1994 1251 2046 verlangen
1263 1994 1275 2041 ;
1298 1992 1350 2041 Ja
1350 1992 1362 2039 ,

780 2056 837 2101 den
849 2052 962 2099 namen
965 2052 976 2095 ,
987 2050 1045 2095 den
1051 2048 1112 2093 wir
1120 2046 1212 2092 geben
1213 2046 1224 2089 ,
1227 2041 1362 2089 Schreib

779 2094 843 2144 in's
861 2089 1038 2142 lebensbuch
1049 2086 1119 2136 zum
1138 2083 1226 2133 leben
1226 2084 1238 2131 .

1019 2157 1136 2184 Benjamin
1147 2157 1258 2184 Smotle
1257 2157 1266 2184 ,
1276 2157 1332 2184 173K
