1424 2234
497 213 561 233 FOR
588 213 683 233 BIBLE
712 213 883 233 SOCIETIES
888 213 894 233 .

294 265 315 296 2
340 265 394 296 Go
400 265 426 296 -
438 265 502 296 and
520 265 691 298 wherever
709 267 783 298 man
800 267 856 298 has
875 267 946 299 trod
954 268 962 299 ,

382 308 509 343 Where
522 308 614 343 there
630 308 657 343 is
673 308 734 343 one
751 308 801 343 for
819 308 925 343 whom
945 308 1055 343 Christ
1069 308 1141 343 died
1147 308 1155 343 ,

340 350 439 387 Open
454 350 510 387 the
525 350 688 387 treasures
706 350 745 387 of
756 350 814 387 our
833 350 907 387 God
911 350 920 387 ,

385 390 457 420 And
476 390 534 420 tell
547 390 633 420 them
652 390 691 420 of
709 390 764 420 the
783 390 941 420 Crucified
946 390 954 420 .
984 390 1013 420 A

662 428 729 460 bas
739 431 790 463 yli

299 460 319 500 3
343 460 405 501 Fly
410 461 439 501 -
448 461 492 501 fly
507 461 548 502 on
565 462 652 503 wing
668 463 707 503 of
726 463 823 505 angel
835 464 932 506 speed
938 466 947 506 ,
949 466 1008 507 ond
1025 466 1057 506 A

384 498 460 537 And
474 500 556 539 bear
569 502 627 540 the
642 503 731 543 news
747 505 784 543 of
802 506 901 545 dying
917 508 1016 548 grace
1019 510 1028 547 ,

342 546 409 583 Say
412 546 420 582 ,
437 544 527 582 Jesus
544 545 569 581 is
588 545 640 581 the
658 543 763 581 Christ
781 542 897 580 indeed
903 543 911 579 ,

385 589 459 621 And
475 589 639 622 ransom'd
658 591 720 622 ALL
736 591 790 623 the
807 592 928 624 human
945 593 1022 625 race
1024 594 1032 625 .

298 856 322 895 5
344 856 490 898 Onward
510 859 544 898 in
561 859 620 900 thy
634 860 837 903 triumphant
852 864 929 904 way
930 865 941 904 ,

387 900 483 937 Thou
499 900 642 938 message
659 901 695 938 of
716 901 770 938 the
796 901 884 939 Holy
901 902 976 939 One
981 902 989 939 ,

346 943 420 981 Thy
435 943 524 981 truth
540 944 624 982 shall
641 944 736 984 usher
752 945 781 983 in
802 945 857 983 the
873 945 936 984 day
939 946 949 984 ,

389 987 460 1025 The
474 987 567 1024 reign
583 986 622 1023 of
640 985 742 1023 God's
760 984 895 1023 beloved
913 984 980 1022 Son
983 984 991 1021 .

298 662 319 700 4
345 662 415 700 The
431 662 498 700 veil
512 662 552 700 of
568 662 743 700 ignorance
760 662 843 700 shall
859 662 938 700 rend
943 662 952 700 ,

387 705 461 745 And
477 705 562 745 light
576 705 662 745 shall
676 705 746 745 pass
762 705 903 745 through
921 705 1042 745 error's
1059 705 1152 745 night
1156 705 1164 745 ,

344 747 418 776 And
436 747 516 776 idols
533 747 571 776 of
590 747 646 776 the
663 747 753 776 earth
771 747 857 776 shall
870 747 953 776 bend

386 784 536 825 Beneath
548 786 604 826 the
617 786 713 826 glory
727 788 765 826 of
778 788 835 828 thy
851 789 956 829 might
960 790 969 828 .

217 1058 339 1103 979

302 1135 324 1165 1

997 537 1097 566 RESIT
1117 535 1138 561 S

1126 204 1188 233 603

533 1070 640 1101 Power
657 1070 693 1101 of
708 1070 801 1101 God's
817 1070 903 1101 word
904 1070 914 1101 .

346 1134 440 1196 BE

380 1130 568 1165 DEHOLD
575 1132 581 1165 ,
599 1132 653 1165 the
672 1132 821 1166 morning
837 1133 897 1166 sun

432 1173 550 1214 Begins
567 1175 614 1214 his
631 1175 773 1216 glorious
790 1177 865 1217 way
870 1178 879 1217 ;

346 1218 408 1255 His
423 1218 534 1255 beams
552 1218 690 1255 through
710 1218 754 1255 all
771 1218 827 1255 the
843 1218 971 1255 nations
990 1218 1051 1255 run
1056 1218 1066 1255 ,
1085 1233 1212 1276 180

385 1256 461 1291 And
476 1258 533 1293 life
551 1259 615 1294 and
629 1261 713 1295 light
728 1262 856 1298 convey
858 1265 869 1298 .

1102 1310 1125 1336 I

954 1348 994 1374 W

301 1328 324 1365 2
347 1328 411 1366 But
427 1329 534 1367 where
548 1330 605 1369 the
620 1331 732 1370 gospel
748 1333 855 1371 comes
860 1334 868 1371 ,

386 1375 416 1412 It
429 1374 558 1412 spreads
575 1373 702 1411 diviner
719 1372 801 1409 light
806 1373 816 1409 ;

345 1414 376 1449 It
389 1414 469 1449 calls
486 1414 568 1450 dead
586 1414 708 1451 sinners
724 1415 806 1451 from
824 1416 909 1451 their
924 1417 1030 1453 tombs
1034 1417 1044 1452 ,

389 1459 467 1498 And
481 1459 571 1498 gives
587 1459 644 1498 the
660 1459 748 1498 blind
766 1459 850 1498 their
865 1459 952 1498 sight
954 1459 961 1498 .

964 1388 1081 1422 sofia

303 1731 322 1770 4
348 1730 407 1769 My
422 1728 571 1769 gracious
591 1729 664 1768 God
671 1728 676 1767 ,
695 1728 766 1767 how
784 1726 872 1767 plain

388 1768 457 1808 Are
470 1768 529 1807 thy
543 1768 719 1809 directions
733 1770 833 1810 given
844 1771 855 1810 !

347 1814 377 1850 O
394 1814 467 1850 may
484 1814 498 1850 I
515 1814 614 1850 never
627 1814 702 1850 read
718 1814 751 1850 in
767 1814 842 1850 vain
846 1814 855 1850 ,

389 1856 456 1893 But
470 1856 534 1893 find
549 1856 605 1893 the
619 1856 699 1893 path
713 1856 748 1893 to
764 1856 891 1893 heaven
894 1856 904 1893 .

302 1531 326 1573 3
345 1529 432 1572 How
446 1526 571 1571 perfect
585 1526 610 1568 is
626 1524 686 1568 thy
699 1522 793 1566 word
799 1522 813 1564 !

918 1518 1013 1563 suide

387 1567 462 1611 And
481 1569 526 1612 all
538 1569 597 1613 thy
609 1570 796 1615 judgments
808 1572 877 1616 just
886 1573 896 1615 !
948 1574 1080 1618 blodall
1098 1576 1120 1618 &

345 1612 411 1649 For
426 1612 503 1649 ever
518 1612 595 1649 sure
611 1613 668 1650 thy
683 1613 823 1651 promise
831 1613 837 1650 ,
855 1613 941 1651 Lord
945 1614 955 1651 ,

387 1658 464 1694 And
480 1658 530 1694 we
547 1658 698 1694 securely
714 1658 799 1694 trust
801 1658 809 1694 .

934 1744 984 1777 til
999 1746 1037 1778 to

1085 1069 1124 1098 S.
1138 1069 1173 1097 M
