1259 1907
479 219 673 243 MELODEON
677 219 688 243 .

204 279 290 323 And
305 279 425 323 gladly
439 279 586 323 wander
600 279 647 323 up
665 279 734 323 and
750 279 853 323 down
859 279 869 323 ,

253 322 337 366 And
349 323 451 367 smile
471 325 506 367 at
524 325 589 368 toil
607 326 674 369 and
691 326 906 371 pain.gob

205 370 225 410 I
240 370 349 411 suffer
366 372 410 413 on
430 372 488 414 my
506 373 606 415 three
608 375 622 415 -
626 374 726 416 score
742 376 847 418 years
850 378 861 418 ,

254 421 329 463 Till
346 421 403 463 my
424 421 610 465 Deliverer
627 422 727 466 come
733 423 742 465 ,

206 469 290 512 And
307 469 400 512 wipe
418 469 519 512 away
538 469 591 512 his
612 469 783 512 servant's
807 469 904 512 tears
907 469 918 512 ,

252 517 336 548 And
352 517 436 548 take
454 517 508 548 his
528 517 621 548 exile
640 517 744 548 home
749 517 759 548 .

937 213 1012 244 281

159 608 181 650 3
208 608 240 650 O
259 608 356 652 what
369 609 455 652 hath
473 609 577 653 Jesus
597 610 730 654 bought
744 611 799 654 for
815 612 872 654 me
883 612 894 654 !

253 654 382 697 Before
395 656 455 698 my
470 657 635 699 ravished
654 659 738 701 eyes

206 699 334 739 Rivers
352 701 393 739 of
413 701 476 741 life
494 701 610 741 divine
630 703 646 741 I
665 703 726 743 see
733 704 742 742 ,

253 749 337 793 And
354 750 448 794 trees
466 752 509 794 of
527 752 689 797 paradise
703 755 713 797 !

207 798 224 841 I
243 798 303 841 see
323 798 342 841 a
361 798 470 843 world
488 799 527 842 of
549 799 668 844 spirits
691 800 811 845 bright
814 801 823 844 ,

253 847 354 890 Who
372 847 464 889 taste
481 848 544 890 the
562 848 744 892 pleasures
765 849 869 893 there
879 850 891 892 ;

207 893 313 939 They
330 893 382 939 all
397 893 456 939 are
472 893 581 939 robed
599 893 633 939 in
655 893 807 939 spotless
824 893 937 939 white
940 893 951 939 ,

253 943 338 986 And
353 943 540 986 conq'ring
557 943 670 986 palms
689 943 774 986 they
793 943 880 986 bear
890 943 902 986 !

446 986 516 1024 fron
531 985 651 1023 Ston

160 1036 183 1079 4
209 1036 240 1079 O
259 1036 357 1079 what
375 1036 435 1080 are
454 1037 501 1080 all
519 1037 576 1080 my
596 1037 785 1082 sufferings
803 1038 889 1082 here
895 1039 903 1082 ,

253 1086 292 1121 If
292 1086 300 1121 ,
318 1086 410 1121 Lord
415 1086 422 1121 ,
439 1086 525 1122 thou
545 1087 653 1122 count
670 1087 728 1122 me
745 1088 843 1123 meet
863 1088 887 1123 v

204 1126 314 1172 With
327 1128 409 1172 that
425 1129 636 1176 enraptured
654 1133 736 1177 host
751 1134 767 1177 t
769 1135 780 1178 '
796 1135 932 1180 appear
934 1137 943 1180 ,

253 1181 339 1222 And
354 1181 510 1222 worship
528 1181 566 1222 at
582 1181 644 1222 thy
663 1181 740 1222 feet
750 1181 761 1222 !

207 1225 301 1270 Give
323 1225 383 1269 joy
402 1226 441 1270 or
458 1226 552 1271 grief
555 1227 561 1271 ,
580 1227 660 1272 give
679 1227 763 1273 ease
782 1228 820 1272 or
837 1229 921 1274 pain
926 1229 936 1273 ,

254 1266 359 1310 Take
374 1269 439 1312 life
456 1271 494 1313 or
511 1273 645 1317 friends
663 1277 765 1321 away
777 1280 790 1320 ;

208 1321 278 1360 But
302 1321 355 1360 let
371 1321 427 1361 me
446 1322 517 1361 find
535 1322 629 1363 them
652 1323 702 1362 all
719 1323 826 1364 again

253 1368 301 1410 In
317 1368 395 1411 that
414 1368 551 1412 eternal
567 1370 634 1414 day
638 1371 649 1413 .

883 1282 953 1304 XDU

382 1469 528 1501 HYMN
555 1469 729 1501 230.-L.
751 1469 800 1501 M.

211 1526 410 1565 BLESS'D
430 1526 533 1565 Jesus
541 1526 547 1565 ,
562 1526 661 1565 what
677 1526 847 1565 delicious
862 1526 942 1565 fare-

209 1576 303 1610 How
321 1576 435 1610 sweet
450 1576 550 1610 thine
570 1576 866 1610 entertainments
883 1576 945 1610 are
957 1576 968 1610 !
