1579 2446
702 347 842 377 DEATH
850 347 857 375 .

376 434 397 470 5
422 434 446 470 0
465 434 552 472 Lord
557 435 564 471 ,
582 435 703 472 accept
721 436 777 472 the
799 436 916 474 praise

461 476 509 511 Of
524 476 621 513 these
637 478 700 514 our
715 479 855 516 humble
871 482 971 518 songs
974 484 982 518 ,

421 523 483 554 Till
499 523 618 554 strains
638 523 676 554 of
694 523 809 554 nobler
828 523 936 554 sound
955 523 1003 554 we
1020 523 1107 554 raise

461 562 551 597 With
569 564 630 598 our
645 565 814 600 immortal
830 567 974 603 tongues
978 570 988 603 .

329 701 410 743 845

698 702 730 731 S.
750 702 791 731 H.
811 702 857 731 M.

506 777 656 819 Friends
671 778 852 820 separated
873 779 915 819 by
933 779 1046 820 Death
1048 780 1055 820 .

417 858 544 928 FRI

375 851 395 891 1
420 851 629 894 TRIEND
645 854 731 896 after
748 855 860 898 friend
877 857 1014 900 departs
1024 860 1034 900 ;

508 902 589 932 Who
609 902 690 932 hath
710 902 770 932 not
786 902 850 933 lost
868 903 885 933 a
903 903 1013 933 friend
1026 903 1040 933 ?

420 944 526 973 There
543 944 571 972 is
589 944 631 973 no
649 945 751 974 union
769 945 848 974 here
864 946 903 974 of
921 946 1034 976 hearts

461 986 547 1016 That
565 986 649 1016 finds
667 986 725 1017 not
743 987 821 1017 here
841 987 881 1017 an
897 987 963 1018 end
979 988 988 1018 :

374 1026 472 1063 Were
486 1028 554 1064 this
572 1028 647 1065 frail
667 1029 771 1066 world
790 1030 849 1067 our
868 1031 949 1067 final
964 1031 1035 1068 rest
1038 1032 1045 1067 ,

374 1074 497 1112 Living
512 1074 547 1112 or
564 1074 670 1112 dying
675 1074 680 1112 ,
697 1074 784 1112 none
801 1074 887 1112 were
904 1074 994 1112 blest
995 1074 1003 1112 .

957 700 1216 734 MONTGOMERY

375 1176 395 1214 2
419 1175 558 1215 Beyond
576 1177 634 1215 the
651 1177 750 1217 flight
768 1179 806 1217 of
824 1179 904 1219 time
908 1180 916 1218 ,

462 1220 603 1259 Beyond
620 1221 678 1258 the
693 1222 789 1259 reign
807 1222 846 1259 of
865 1222 966 1260 death
973 1223 980 1260 ,

419 1263 528 1296 There
545 1263 658 1296 surely
675 1263 702 1296 is
721 1263 811 1296 some
829 1263 965 1296 blessed
983 1263 1083 1296 clime

460 1300 583 1335 Where
597 1303 659 1336 life
673 1304 700 1337 is
719 1305 779 1339 not
795 1307 813 1339 a
830 1307 949 1342 breath
953 1310 963 1342 ,

375 1345 443 1379 Nor
459 1346 545 1380 life's
566 1348 737 1382 affections
756 1350 918 1385 transient
934 1352 992 1386 fire
998 1354 1007 1386 ,

374 1389 500 1432 Whose
516 1390 638 1433 sparks
656 1392 699 1433 fly
717 1393 859 1435 upward
876 1394 940 1437 and
959 1395 1079 1438 expire
1080 1396 1087 1437 .

375 1490 396 1522 3
419 1490 528 1525 There
542 1493 570 1525 is
589 1493 609 1525 a
624 1494 729 1528 world
745 1496 853 1531 above
856 1498 865 1530 ,

462 1537 583 1577 Where
598 1539 735 1579 parting
749 1542 780 1579 is
796 1542 968 1582 unknown
971 1545 981 1582 ,

419 1580 449 1617 A
465 1580 547 1618 long
563 1581 707 1620 eternity
725 1583 762 1620 of
779 1583 856 1622 love
860 1584 867 1621 ,

463 1622 606 1660 Formed
624 1625 676 1661 for
691 1626 751 1662 the
767 1628 852 1664 good
870 1630 971 1666 alone
979 1632 989 1666 ;

377 1663 455 1704 And
473 1664 558 1705 faith
576 1665 717 1707 beholds
734 1668 791 1708 the
809 1668 915 1709 dying
932 1669 1015 1710 here

377 1703 577 1744 Translated
592 1707 627 1745 to
644 1707 721 1746 that
736 1709 885 1749 glorious
901 1712 1024 1751 sphere
1026 1714 1036 1751 .

373 1808 396 1847 4
418 1808 510 1849 Thus
527 1809 597 1850 star
615 1811 660 1851 by
678 1812 748 1852 star
767 1813 915 1854 declines
918 1815 928 1854 ,

463 1851 531 1890 Till
542 1853 591 1891 all
604 1855 664 1894 are
677 1857 803 1897 passed
819 1861 915 1901 away
925 1864 935 1900 ;

418 1899 466 1936 As
483 1899 637 1938 morning
653 1900 735 1939 high
755 1901 818 1940 and
837 1902 956 1940 higher
973 1903 1087 1942 shines
1090 1904 1099 1941 ,

463 1943 509 1980 To
525 1943 611 1982 pure
628 1944 694 1982 and
711 1944 841 1983 perfect
858 1946 922 1984 day
938 1947 946 1984 ;

375 1980 444 2018 Nor
462 1982 540 2019 sink
555 1984 655 2022 those
670 1986 754 2024 stars
772 1988 806 2025 in
824 1988 938 2027 empty
954 1991 1053 2030 night
1055 1993 1064 2029 ,

378 2025 447 2062 But
464 2026 544 2063 hide
559 2027 761 2066 themselves
780 2031 812 2066 in
831 2031 986 2069 heaven's
1005 2033 1077 2070 own
1093 2035 1180 2071 light
1184 2036 1192 2071 .

748 2087 813 2114 560
