1343 2175
516 169 795 202 MISCELLANY
798 172 808 201 .

238 233 260 272 5
283 233 344 273 Let
362 234 399 273 us
416 234 492 275 love
509 235 569 276 our
587 236 659 277 God
682 237 876 279 supremely
879 240 888 279 ,

282 280 344 313 Let
360 280 398 313 us
415 280 491 314 love
507 281 589 314 each
609 281 703 316 other
709 282 714 315 ,
737 282 791 315 too
802 282 812 315 :

238 320 299 360 Let
316 321 353 360 us
368 322 443 361 love
461 322 528 362 and
545 324 630 363 pray
649 325 699 364 for
719 325 849 365 sinners
854 327 862 365 ,

283 365 349 403 Till
367 366 427 404 our
447 367 517 405 God
535 368 649 406 makes
670 370 714 408 all
731 371 846 408 things
862 372 935 410 new
941 374 953 410 :

238 409 328 444 Then
347 410 425 445 he'll
444 411 509 446 call
526 412 565 446 us
583 413 679 447 home
698 414 731 447 to
748 414 879 449 heaven
883 416 891 449 ,

279 456 325 486 At
337 456 388 486 his
409 456 500 486 table
518 456 602 486 we'll
619 456 660 486 sit
677 456 771 486 down
782 456 791 486 :

237 496 351 536 Christ
368 497 436 536 will
452 498 528 537 gird
544 498 683 538 himself
686 499 691 537 ,
710 500 776 538 and
794 500 890 540 serve
906 501 945 539 us

278 546 367 576 With
386 546 488 576 sweet
502 546 625 576 manna
644 546 690 576 all
708 546 837 576 around
841 546 849 576 .

230 665 373 726 402

239 785 502 843 BRETHREN
503 786 513 840 ,
531 784 635 840 while
647 784 697 838 we
713 782 854 838 sojourn
868 781 952 837 here
952 781 962 835 ,

316 831 416 867 Fight
434 831 480 866 we
499 830 589 866 must
593 831 598 865 ,
620 830 679 864 but
698 828 817 864 should
831 829 890 863 not
901 827 976 862 fear
988 828 1000 862 :

234 874 317 908 Foes
335 874 382 908 we
397 874 484 908 have
486 874 492 908 ,
513 874 576 908 but
593 874 693 908 we've
712 874 729 908 a
746 874 873 908 Friend-

233 919 303 947 One
321 919 396 947 that
409 919 499 947 loves
519 919 556 947 us
576 919 607 947 to
622 919 680 947 the
698 919 761 947 end
774 919 785 947 :

234 957 395 996 Forward
396 959 403 995 ,
424 959 506 997 then
510 961 515 997 ,
537 960 615 998 with
635 962 781 1000 courage
798 964 840 1000 go
842 964 851 1000 ,

233 1005 325 1041 Long
343 1006 390 1040 we
409 1004 497 1039 shall
514 1004 572 1039 not
591 1003 689 1039 dwell
702 1002 808 1038 below
820 1003 831 1037 :

234 1045 321 1084 Soon
340 1047 396 1085 the
410 1047 522 1086 joyful
539 1048 628 1087 news
646 1050 712 1088 will
731 1051 823 1089 come
825 1052 834 1089 ,

234 1093 257 1132 "
268 1092 365 1131 Child
368 1092 374 1131 ,
397 1092 483 1131 your
504 1091 626 1130 Father
641 1091 723 1130 calls
728 1091 757 1130 -
770 1090 862 1129 come
880 1090 978 1129 home
990 1089 1003 1128 !
1004 1089 1021 1128 "

637 654 673 681 7s
675 654 684 681 .

560 708 652 736 Come
662 708 751 736 home
753 708 762 736 .

1000 170 1085 203 283

954 653 1072 685 SWAIN
1071 654 1081 684 .

232 1159 252 1198 2
277 1159 318 1198 In
336 1159 391 1198 the
409 1159 484 1198 way
501 1159 519 1198 a
538 1159 708 1200 thousand
724 1160 844 1200 snares

233 1204 293 1238 Lie
296 1204 302 1238 ,
323 1204 355 1238 to
374 1205 453 1240 take
470 1205 509 1239 us
526 1205 704 1241 unawares
715 1207 726 1241 :

234 1248 338 1282 Satan
344 1248 350 1282 ,
370 1248 450 1282 with
468 1248 642 1282 malicious
662 1248 717 1282 art
717 1248 725 1282 ,

231 1284 387 1325 Watches
404 1286 490 1326 each
506 1288 706 1330 unguarded
723 1291 805 1330 part
813 1292 823 1330 ;

231 1335 300 1370 But
303 1335 309 1370 ,
329 1335 412 1370 from
434 1335 566 1370 Satan's
585 1335 706 1370 malice
721 1335 794 1370 free
796 1335 804 1370 ,

232 1378 346 1411 Saints
365 1378 454 1411 shall
469 1378 549 1412 soon
567 1378 751 1413 victorious
767 1380 810 1413 be
821 1380 831 1413 :

232 1419 318 1457 Soon
337 1421 394 1458 the
406 1421 518 1459 joyful
536 1423 625 1460 news
645 1423 712 1461 will
729 1425 822 1462 come
825 1426 834 1462 ,

233 1467 255 1505 "
266 1466 364 1504 Child
369 1466 375 1504 ,
394 1466 480 1504 your
499 1465 622 1504 Father
642 1465 726 1503 calls
728 1465 759 1503 -
772 1464 863 1502 come
881 1464 977 1502 home
989 1464 1004 1502 !
1000 1464 1019 1502 "

231 1530 251 1568 3
275 1530 341 1569 But
347 1531 353 1569 ,
373 1531 410 1569 of
422 1532 469 1571 all
484 1532 541 1572 the
559 1533 627 1573 foes
645 1534 691 1574 we
708 1535 797 1574 meet
799 1536 807 1574 ,

231 1576 323 1609 None
340 1576 375 1609 so
397 1576 446 1609 oft
463 1576 605 1611 mislead
623 1577 682 1610 our
700 1577 770 1610 feet
772 1578 779 1611 ,

229 1622 324 1658 None
341 1622 462 1658 betray
479 1622 517 1658 us
534 1622 605 1658 into
623 1622 675 1658 sin
678 1622 686 1658 ,

231 1665 312 1698 Like
329 1665 386 1697 the
400 1664 471 1697 foes
489 1664 562 1696 that
583 1664 679 1696 dwell
697 1662 814 1695 within
825 1663 837 1695 :

229 1702 296 1742 Yet
309 1704 358 1743 let
374 1705 517 1747 nothing
533 1708 617 1748 spoil
635 1710 721 1750 your
742 1712 848 1752 peace
849 1714 858 1752 ,

232 1748 343 1786 Christ
362 1749 430 1787 will
447 1750 517 1788 also
536 1751 681 1789 conquer
701 1753 799 1791 these
808 1754 819 1790 :

231 1792 317 1833 Soon
335 1793 393 1834 the
406 1794 519 1835 joyful
536 1795 623 1836 news
643 1796 711 1837 will
729 1797 823 1838 come
825 1798 832 1837 ,

232 1843 254 1857 66

266 1838 361 1882 Child
367 1839 373 1881 ,
392 1837 477 1881 your
498 1836 622 1880 Father
639 1835 723 1878 calls
726 1835 751 1877 -
770 1833 861 1877 come
878 1832 975 1876 home
986 1833 997 1875 !
1000 1833 1020 1875 "
