2449 3770
397 634 420 689 辣
397 656 420 703 仔

281 1372 339 1430 9
331 1370 362 1427 :

426 600 464 637 3

283 777 339 833 9
331 776 362 831 :
420 773 463 828 3

375 826 461 860 4-4

2010 271 2108 316 127

902 381 1002 457 #

1195 379 1294 472 E

2003 386 2100 473 4

477 512 570 559 How
587 512 687 558 great
699 511 758 558 the
785 511 848 557 wis
851 511 864 557 -
867 511 947 557 dom
950 511 957 557 ,
983 510 1104 556 power
1106 510 1112 556 ,
1133 510 1203 556 and
1218 509 1319 556 grace
1322 509 1329 555 ,
1381 507 1508 555 Which
1525 508 1558 554 in
1606 508 1643 554 re
1647 508 1660 554 -
1664 507 1766 554 demp
1767 507 1781 553 -
1785 507 1857 553 tion
1894 507 1993 553 shine
2005 506 2014 552 !

1703 603 1744 628 --0-

938 269 1251 320 BARCLAY
1254 269 1268 318 .
1333 269 1387 318 C.
1412 268 1482 317 M.
1537 268 1579 317 +

431 1111 503 1153 The
517 1111 692 1153 heavenly
730 1111 812 1153 host
858 1111 946 1153 with
972 1111 1038 1153 joy
1108 1109 1286 1145 confess
1334 1107 1406 1143 The
1456 1106 1556 1142 work
1612 1111 1647 1143 is
1715 1110 1763 1142 all

272 1531 366 1576 160
397 1531 418 1576 "
425 1531 476 1576 Let
494 1531 539 1576 all
554 1531 602 1576 the
624 1531 728 1576 angels
749 1531 785 1576 of
800 1531 866 1576 God
882 1531 1015 1576 worship
1034 1531 1098 1576 him
1094 1531 1110 1576 .
1106 1531 1124 1576 "

271 1606 420 1665 HOW
435 1605 538 1663 great
550 1604 614 1661 the
627 1602 779 1661 wisdom
777 1603 788 1659 ,
803 1601 926 1659 power
924 1601 935 1657 ,
954 1605 1027 1637 and
1039 1618 1140 1649 grace
1141 1618 1150 1649 ,

363 1651 494 1692 Which
507 1651 543 1692 in
560 1651 780 1692 redemption
799 1651 897 1692 shine
908 1651 917 1692 !

267 1699 342 1742 The
357 1699 530 1742 heavenly
546 1699 627 1742 host
646 1699 732 1742 with
745 1699 806 1742 joy
824 1699 958 1742 confess

315 1746 387 1778 The
405 1746 504 1778 work
520 1746 549 1778 is
568 1746 611 1778 all
627 1746 745 1778 divine
747 1746 755 1778 .

265 1819 289 1863 2
312 1819 440 1866 Before
456 1821 508 1867 his
524 1822 596 1868 feet
612 1823 698 1869 they
716 1825 790 1871 cast
805 1826 898 1872 their
913 1828 1049 1875 crowns
1049 1830 1062 1874 ,-

314 1869 428 1911 Those
445 1871 582 1913 crowns
601 1872 714 1914 which
733 1874 837 1915 Jesus
854 1875 942 1917 gave
943 1877 953 1917 ,-

267 1922 351 1964 And
353 1922 359 1964 ,
381 1922 467 1964 with
484 1922 544 1964 ten
561 1922 737 1964 thousand
754 1922 930 1964 thousand
945 1922 1093 1964 tongues
1096 1922 1103 1964 ,

312 1964 485 2005 Proclaim
503 1968 557 2006 his
574 1969 699 2009 power
712 1972 752 2010 to
767 1972 854 2012 save
852 1974 863 2011 .

268 2054 289 2097 3
313 2053 410 2096 They
429 2053 490 2096 tell
504 2052 565 2096 the
584 2051 753 2096 triumphs
775 2052 814 2095 of
834 2051 887 2094 his
899 2065 995 2095 cross
994 2065 1003 2095 ,

312 2098 387 2139 The
404 2097 586 2140 suff'rings
606 2099 719 2140 which
740 2099 784 2140 he
802 2100 887 2141 bore
887 2100 897 2141 ,-

268 2142 360 2185 How
377 2142 447 2186 low
467 2143 511 2185 he
528 2143 661 2187 stoop'd
668 2145 673 2187 ,
693 2145 773 2188 how
792 2145 874 2189 high
890 2147 938 2189 he
950 2147 1029 2191 rose
1028 2148 1037 2190 ,

315 2194 399 2231 And
415 2195 492 2232 rose
509 2197 545 2232 to
563 2197 663 2234 stoop
681 2199 728 2235 no
745 2200 840 2236 more
842 2201 850 2236 .

267 2280 290 2318 4
314 2280 345 2318 O
361 2280 410 2318 let
426 2281 523 2320 them
539 2281 607 2320 still
625 2282 714 2321 their
730 2282 846 2322 voices
849 2283 859 2321 ,
864 2284 952 2323 raise
955 2284 963 2322 ,

312 2324 398 2363 And
413 2327 481 2366 still
496 2329 587 2368 their
601 2332 707 2372 songs
722 2335 842 2375 renew
851 2339 863 2375 ;

267 2372 442 2416 Salvation
463 2374 543 2418 well
556 2374 720 2418 deserves
738 2376 797 2419 the
810 2376 924 2420 praise

312 2425 366 2465 Of
381 2425 463 2465 men
481 2425 550 2465 and
566 2425 686 2465 angels
711 2425 770 2465 too
784 2425 792 2465 !

263 2519 362 2565 528

498 2542 561 2573 The
577 2542 628 2573 act
645 2543 680 2573 of
690 2543 894 2576 consecration
895 2545 904 2575 .

266 2605 383 2670 LET

321 2598 380 2637 ET
397 2598 484 2638 Him
500 2600 537 2640 to
556 2601 677 2642 whom
694 2603 749 2643 we
767 2605 850 2644 now
866 2606 996 2647 belong

342 2653 409 2691 His
425 2653 609 2691 sovereign
626 2653 718 2691 right
736 2653 844 2691 assert
852 2653 860 2691 !

265 2691 352 2736 And
365 2693 447 2737 take
462 2695 511 2739 up
528 2696 635 2741 every
652 2698 813 2744 thankful
826 2701 914 2745 song
912 2702 925 2745 ,

311 2744 397 2787 And
413 2744 520 2787 every
536 2744 657 2788 loving
672 2745 772 2788 heart
772 2745 780 2788 .

264 2820 288 2865 2
313 2820 372 2866 He
390 2821 502 2867 justly
518 2822 639 2869 claims
654 2824 695 2869 us
710 2825 764 2871 for
775 2825 829 2872 his
847 2826 928 2872 own
929 2827 937 2872 ,

311 2868 407 2913 Who
423 2870 560 2915 bought
575 2872 616 2916 us
634 2872 722 2917 with
737 2874 760 2917 a
774 2874 869 2919 price
876 2876 886 2919 :

267 2915 338 2955 The
357 2916 528 2957 Christian
546 2918 631 2958 lives
649 2919 685 2958 to
705 2920 820 2959 Christ
834 2921 935 2961 alone
936 2922 944 2960 ,

312 2965 361 2998 To
379 2964 492 2999 Christ
511 2966 611 3000 alone
628 2966 673 2999 he
690 2967 763 3000 dies
764 2967 771 3000 .

966 1895 987 1901 -

267 3044 289 3086 3
311 3043 413 3087 Jesus
417 3045 424 3087 ,
442 3045 540 3089 thine
559 3046 642 3089 own
660 3047 696 3089 at
711 3048 780 3091 last
795 3048 932 3092 receive
933 3050 941 3092 ,

310 3092 413 3133 Fulfil
429 3094 492 3134 our
511 3095 630 3136 hearts
631 3097 641 3136 '
657 3097 773 3137 desire
784 3099 794 3138 ;

266 3134 350 3177 And
364 3136 413 3178 let
429 3137 470 3179 us
487 3139 525 3180 to
543 3140 609 3181 thy
625 3141 726 3184 glory
740 3143 810 3185 live
811 3145 819 3185 ,

310 3182 396 3227 And
409 3184 445 3228 in
462 3185 528 3229 thy
543 3186 647 3231 cause
664 3189 783 3234 expire
793 3191 803 3233 !

262 3266 289 3305 4
310 3266 384 3306 Our
399 3268 491 3309 souls
508 3270 578 3310 and
595 3271 715 3313 bodies
733 3273 788 3314 we
804 3275 919 3316 resign
928 3277 939 3316 ;

312 3323 412 3365 With
432 3323 496 3365 joy
516 3323 573 3365 we
590 3323 718 3365 render
734 3323 818 3365 thee

266 3367 340 3411 Our
354 3367 399 3411 all
401 3367 409 3411 ,
427 3368 475 3412 no
490 3367 614 3413 longer
632 3369 711 3413 ours
714 3369 721 3413 ,
740 3369 805 3414 but
820 3370 918 3415 thine

309 3406 363 3450 To
377 3410 425 3452 all
440 3414 593 3462 eternity
591 3422 603 3462 .

1740 303 1787 327 DR
1791 303 1796 327 .
1811 303 1844 327 A.
1859 303 1890 327 B.
1911 303 1945 327 E.

1831 1110 1866 1141 di
1879 1110 1894 1140 -
1911 1110 1990 1142 vine
1994 1112 2001 1142 .

1208 1530 1302 1574 533

1450 1548 1595 1581 Praying
1608 1548 1658 1581 for
1678 1548 1699 1581 a
1717 1548 1787 1581 holy
1803 1548 1893 1581 heart
1890 1548 1899 1581 .

1208 1615 1264 1681 0

1211 1608 1258 1675 O
1281 1608 1379 1676 FOR
1394 1609 1418 1676 a
1431 1609 1534 1678 heart
1545 1611 1584 1678 to
1598 1611 1715 1680 praise
1728 1613 1792 1681 my
1807 1613 1889 1682 God
1888 1614 1897 1681 ,

1285 1659 1317 1691 A
1335 1659 1434 1691 heart
1450 1659 1541 1691 from

1632 1659 1685 1691 set

1209 1704 1243 1748 A
1259 1704 1360 1748 heart
1374 1704 1451 1748 that
1468 1704 1601 1748 always
1618 1704 1699 1748 feels
1718 1704 1780 1748 thy
1799 1704 1903 1748 blood

1256 1753 1303 1797 So
1318 1752 1426 1796 freely
1444 1751 1526 1795 spilt
1536 1750 1590 1793 for
1606 1749 1663 1793 me
1673 1750 1685 1792 !-

1208 1829 1232 1873 2
1258 1829 1291 1873 A
1307 1829 1408 1875 heart
1424 1829 1573 1875 resign'd
1579 1831 1585 1875 ,
1605 1831 1808 1876 submissive
1811 1832 1817 1876 ,
1836 1832 1939 1878 meek
1940 1833 1948 1877 ,

1256 1879 1321 1923 My
1335 1878 1435 1922 great
1454 1877 1673 1922 Redeemer's
1692 1875 1816 1920 throne
1818 1876 1827 1919 ,-

1209 1920 1343 1965 Where
1358 1922 1442 1966 only
1461 1922 1575 1967 Christ
1593 1923 1618 1966 is
1639 1923 1747 1968 heard
1764 1924 1798 1967 to
1817 1924 1925 1969 speak
1924 1925 1933 1968 ,

1255 1971 1388 2011 Where
1404 1972 1508 2012 Jesus
1523 1973 1639 2013 reigns
1658 1974 1756 2013 alone
1759 1975 1767 2013 .

1208 2052 1231 2093 3
1256 2052 1285 2093 0
1302 2052 1354 2093 for
1372 2052 1391 2093 a
1407 2052 1515 2094 lowly
1519 2053 1525 2094 ,
1546 2052 1691 2095 contrite
1709 2054 1809 2095 heart
1810 2054 1819 2095 ,

1256 2097 1437 2145 Believing
1437 2098 1445 2142 ,
1466 2096 1544 2142 true
1544 2096 1552 2140 ,
1572 2094 1642 2140 and
1660 2092 1757 2138 clean
1769 2092 1780 2136 !

1210 2143 1336 2184 Which
1355 2144 1490 2185 neither
1508 2145 1563 2185 life
1584 2146 1648 2185 nor
1665 2146 1769 2187 death
1787 2147 1850 2187 can
1866 2148 1946 2188 part

1256 2194 1360 2227 From
1378 2194 1449 2227 him
1468 2194 1543 2227 that
1563 2194 1680 2227 dwells
1699 2194 1821 2227 within
1835 2194 1845 2227 :

1205 2268 1231 2315 4
1256 2268 1290 2315 A
1307 2268 1407 2315 heart
1423 2269 1458 2316 in
1477 2269 1584 2317 every
1602 2269 1752 2318 thought
1766 2270 1922 2319 renew'd
1923 2271 1932 2318 ,

1256 2316 1339 2355 And
1353 2318 1417 2356 full
1431 2319 1471 2358 of
1487 2320 1570 2358 love
1586 2321 1704 2361 divine
1712 2324 1722 2361 ;

1211 2365 1347 2410 Perfect
1349 2365 1355 2410 ,
1375 2365 1444 2410 and
1457 2365 1549 2411 right
1552 2366 1558 2411 ,
1577 2366 1645 2411 and
1662 2366 1746 2411 pure
1750 2366 1756 2411 ,
1775 2367 1844 2412 and
1860 2367 1953 2412 good
1957 2367 1970 2412 ,-

1255 2415 1291 2463 A
1305 2412 1396 2462 copy
1400 2412 1408 2459 ,
1425 2408 1518 2458 Lord
1520 2408 1529 2455 ,
1546 2407 1589 2455 of
1601 2403 1702 2453 thine
1703 2403 1714 2450 .

1207 2513 1303 2559 591

1477 2536 1612 2570 Opening
1630 2535 1761 2569 worship
1761 2536 1772 2568 .

1209 2594 1327 2659 ONC

1263 2594 1360 2633 NCE
1377 2594 1473 2633 more
1492 2594 1547 2633 we
1565 2594 1663 2633 come
1681 2594 1799 2633 before
1817 2594 1882 2633 our
1898 2594 1978 2633 God
1989 2594 2001 2633 ;

1285 2640 1380 2682 Once
1396 2639 1492 2681 more
1510 2640 1562 2680 his
1581 2638 1748 2680 blessings
1767 2638 1829 2678 ask
1841 2638 1851 2678 :

1210 2690 1239 2734 O
1257 2688 1337 2734 may
1355 2687 1416 2732 not
1435 2686 1520 2732 duty
1539 2685 1632 2731 seem
1654 2685 1674 2729 a
1689 2684 1771 2729 load
1774 2684 1781 2728 ,

1256 2735 1330 2779 Nor
1347 2734 1498 2778 worship
1516 2733 1626 2777 prove
1646 2733 1666 2776 a
1681 2733 1759 2776 task
1772 2732 1782 2775 !

1208 2819 1232 2863 2
1257 2818 1381 2862 Father
1383 2818 1390 2862 ,
1409 2818 1473 2862 thy
1492 2816 1697 2862 quick'ning
1716 2816 1822 2861 Spirit
1839 2816 1925 2860 send

1257 2865 1359 2905 From
1375 2865 1511 2906 heaven
1514 2866 1521 2905 ,
1540 2866 1578 2905 in
1584 2867 1595 2906 .
1592 2866 1700 2907 Jesus
1701 2867 1710 2906 '
1727 2867 1832 2908 name
1833 2868 1840 2907 ,

1995 992 2112 1078 Ell

1209 2913 1258 2956 To
1275 2913 1378 2956 make
1394 2913 1458 2956 our
1475 2913 1622 2956 waiting
1639 2913 1753 2956 minds
1772 2913 1892 2956 attend
1894 2913 1900 2956 ,

1254 2961 1339 3005 And
1354 2960 1415 3004 put
1434 2959 1498 3003 our
1515 2959 1609 3002 souls
1624 2959 1662 3001 in
1679 2957 1787 3001 frame
1789 2957 1798 2999 .

1211 3047 1234 3088 3
1252 3045 1340 3087 May
1357 3045 1413 3086 we
1430 3044 1567 3086 receive
1587 3044 1647 3085 the
1663 3042 1763 3085 word
1781 3042 1838 3084 we
1852 3041 1936 3083 hear
1937 3041 1944 3082 ,

1256 3089 1351 3131 Each
1366 3090 1401 3131 in
1421 3091 1465 3131 an
1485 3091 1614 3133 honest
1630 3092 1734 3134 heart
1744 3093 1753 3133 ;

1210 3139 1293 3181 And
1308 3139 1399 3181 keep
1416 3139 1479 3181 the
1495 3139 1655 3181 precious
1674 3139 1830 3181 treasure
1845 3139 1945 3181 there
1944 3139 1953 3181 ,

1255 3188 1340 3228 And
1356 3188 1466 3229 never
1485 3189 1572 3229 with
1589 3190 1618 3229 it
1634 3190 1714 3229 part
1715 3190 1723 3229 .

1206 3272 1231 3311 4
1255 3272 1302 3311 To
1322 3272 1405 3311 seek
1421 3272 1502 3312 thee
1522 3273 1564 3312 all
1582 3273 1644 3312 our
1668 3273 1783 3313 hearts
1799 3274 1934 3314 dispose
1934 3274 1944 3313 ,

1254 3319 1305 3363 To
1323 3319 1410 3364 each
1424 3321 1491 3365 thy
1508 3322 1677 3368 blessings
1693 3325 1763 3369 suit
1764 3326 1773 3369 ,

1208 3368 1294 3411 And
1308 3369 1356 3411 let
1374 3370 1433 3412 the
1451 3370 1534 3413 seed
1554 3372 1616 3414 thy
1637 3372 1776 3415 servant
1792 3374 1885 3417 sows
1885 3375 1895 3416 ,

1253 3416 1412 3451 Produce
1431 3415 1609 3450 abundant
1627 3415 1709 3449 fruit
1711 3415 1719 3448 .

2095 1189 2111 1273 LLLL

2094 1369 2111 1453 LLLL
