1667 2537
1374 214 1428 248 33

312 308 357 357 Q.
374 308 430 357 75.
464 308 590 359 Whom
611 310 682 360 did
702 310 788 361 God
806 311 907 362 from
936 312 1090 363 eternity
1110 314 1359 366 predestinate
1361 316 1369 365 ,
1388 317 1430 366 or

261 361 349 404 elect
364 361 399 403 to
416 361 637 406 everlasting
648 363 719 405 life
725 364 748 406 ?

318 406 366 452 A.
399 406 466 454 All
489 406 601 454 those
620 407 704 455 who
709 409 716 455 ,
739 409 942 457 accepting
971 411 1031 457 his
1061 411 1238 459 gracious
1267 413 1341 461 call
1343 414 1351 460 ,
1372 414 1413 460 re-

261 461 356 508 pent
375 461 450 508 and
470 461 614 510 believe
636 462 672 509 in
696 462 759 509 the
780 462 882 510 Lord
900 463 1013 510 Jesus
1036 463 1162 511 Christ
1167 464 1173 511 ,
1193 464 1270 511 and
1284 464 1430 513 remain

260 515 411 552 faithful
432 516 471 551 to
493 515 556 550 the
578 515 651 550 end
656 515 665 550 .

457 217 633 247 DECREES
662 219 743 247 AND
776 219 1033 248 PROVIDENCE
1065 221 1111 249 OF
1141 221 1218 249 GOD
1224 221 1232 249 .

313 580 358 624 Q.
376 580 430 624 76.
464 580 558 624 Why
574 580 644 624 did
673 580 759 624 God
788 580 989 624 determine
1008 580 1044 624 to
1062 580 1241 624 condemn
1260 580 1379 624 others
1391 580 1433 624 to

262 626 401 670 eternal
411 626 651 670 punishment
657 626 680 670 ?

318 670 367 720 A.
395 670 568 723 Because
587 672 676 723 they
699 673 856 724 resisted
886 675 952 726 the
976 675 1080 727 Holy
1105 677 1229 728 Spirit
1235 678 1241 728 ,
1263 678 1430 731 rejected

262 728 327 775 the
348 728 461 775 offers
481 728 525 775 of
548 728 673 775 mercy
678 728 684 775 ,
707 728 781 775 and
803 728 892 775 died
913 728 951 775 in
972 728 1071 775 their
1092 728 1169 775 sins
1173 728 1183 775 .

313 791 359 836 Q.
376 791 431 836 77.
466 791 578 838 What
594 792 713 839 duties
732 793 817 840 does
836 794 897 840 the
922 794 1089 841 doctrine
1106 796 1147 841 of
1166 796 1294 843 divine
1306 797 1420 844 provi-

263 840 376 883 dence
389 842 538 885 require
552 845 596 886 of
606 845 653 887 us
660 846 685 886 ?

318 884 368 932 A.
398 884 500 934 That
516 885 570 933 we
585 885 724 935 should
740 886 956 937 habitually
969 888 1173 939 recognize
1190 890 1253 940 the
1270 891 1435 941 fatherly

264 937 367 988 hand
388 939 432 988 of
455 939 543 989 God
573 940 610 989 in
634 941 683 990 all
705 941 834 992 things
840 942 846 991 ,
871 943 947 993 and
967 943 1061 994 pray
1081 945 1140 995 for
1163 945 1219 995 his
1242 945 1434 997 guidance

264 998 340 1045 and
361 998 579 1045 protection
584 998 593 1045 ,
617 998 656 1045 as
677 998 761 1045 well
781 998 821 1045 as
842 998 887 1045 be
909 998 1059 1045 patient
1080 998 1116 1045 in
1141 998 1335 1045 adversity
1355 998 1433 1045 and

262 1048 420 1094 humbly
439 1049 614 1095 thankful
635 1051 672 1095 in
693 1051 915 1098 prosperity
918 1053 930 1097 .

264 1176 382 1219 might
407 1177 475 1219 feel
500 1178 593 1220 after
612 1178 682 1220 him
686 1179 692 1220 ,
714 1179 785 1220 and
811 1180 882 1221 find
910 1180 980 1221 him
988 1181 993 1222 ,
1014 1180 1151 1223 though
1173 1182 1214 1223 he
1234 1182 1276 1223 be
1296 1182 1361 1224 not
1380 1183 1435 1224 far

263 1224 353 1263 from
374 1224 480 1264 every
498 1225 564 1264 one
585 1226 623 1264 of
645 1226 684 1265 us
700 1227 708 1265 :
732 1227 787 1265 for
812 1228 846 1266 in
875 1228 944 1267 him
966 1229 1015 1267 we
1041 1229 1110 1269 live
1114 1230 1119 1268 ,
1141 1230 1209 1268 and
1228 1230 1331 1270 move
1334 1231 1340 1269 ,
1361 1232 1433 1271 and

264 1269 356 1314 have
374 1270 438 1315 our
455 1271 563 1316 being
575 1272 583 1315 ;
619 1273 655 1316 as
684 1273 818 1317 certain
849 1275 923 1319 also
943 1275 982 1319 of
1001 1275 1090 1320 your
1117 1277 1193 1321 own
1219 1277 1322 1322 poets
1341 1278 1435 1323 have

264 1319 340 1363 said
344 1319 350 1363 ,
373 1319 445 1363 For
466 1319 515 1364 we
537 1320 595 1364 are
615 1320 689 1364 also
707 1321 760 1365 his
781 1320 951 1366 offspring
959 1322 966 1366 .
1005 1322 1088 1366 Heb
1096 1322 1103 1366 .
1121 1322 1131 1366 i
1139 1322 1145 1366 .
1165 1323 1195 1367 3.
1236 1323 1301 1367 Jer
1306 1323 1313 1367 .
1328 1323 1347 1367 v
1354 1323 1361 1367 .
1376 1324 1423 1368 24
1423 1324 1435 1368 .

267 1365 359 1400 Acts
386 1365 446 1399 xiv
453 1366 460 1400 .
484 1366 529 1400 17
542 1366 551 1400 :
583 1366 841 1403 Nevertheless
868 1368 909 1402 he
936 1369 999 1403 left
1028 1369 1091 1404 not
1117 1369 1262 1405 himself
1284 1370 1435 1406 without

265 1409 408 1452 witness
414 1411 420 1452 ,
439 1411 472 1452 in
500 1411 581 1454 that
608 1412 651 1453 he
678 1413 737 1454 did
764 1413 859 1456 good
864 1414 869 1455 ,
893 1414 962 1456 and
981 1414 1070 1457 gave
1088 1415 1126 1457 us
1147 1416 1224 1458 rain
1243 1417 1332 1459 from
1353 1417 1420 1459 hea-

264 1458 332 1502 ven
338 1458 345 1502 ,
364 1458 434 1502 and
453 1458 592 1504 fruitful
612 1459 757 1504 seasons
761 1459 766 1503 ,
788 1459 901 1504 filling
929 1460 993 1504 our
1020 1460 1137 1505 hearts
1158 1461 1243 1505 with
1261 1461 1344 1505 food
1363 1462 1433 1506 and

264 1506 431 1547 gladness
435 1506 444 1547 .
485 1506 586 1547 John
604 1506 641 1547 ix
646 1506 655 1547 .
674 1506 701 1547 3.
749 1506 846 1547 Prov
855 1506 863 1547 .
880 1506 959 1547 xxii
962 1506 968 1547 .
986 1506 1020 1547 2.
1076 1506 1150 1547 Job
1169 1506 1179 1547 i
1185 1506 1191 1547 .
1210 1506 1268 1547 21.
1320 1506 1423 1547 Matt
1425 1506 1435 1547 .

264 1552 289 1593 x
294 1552 303 1593 .
319 1552 364 1593 29
368 1552 375 1593 ,
391 1552 434 1593 30
447 1552 460 1593 :
486 1553 564 1594 Are
582 1553 644 1594 not
663 1554 732 1595 two
752 1554 926 1596 sparrows
948 1555 1026 1596 sold
1045 1555 1097 1597 for
1118 1556 1138 1597 a
1151 1556 1310 1599 farthing
1324 1557 1340 1598 ?
1364 1557 1434 1598 and

265 1592 333 1637 one
357 1594 398 1638 of
421 1594 520 1639 them
545 1596 642 1640 shall
668 1597 732 1642 not
757 1599 820 1643 fall
846 1600 888 1644 on
916 1601 978 1645 the
1002 1602 1144 1647 ground
1166 1604 1318 1650 without
1345 1606 1436 1651 your

267 1640 405 1686 Father
409 1642 417 1686 .
467 1642 542 1688 But
565 1643 627 1689 the
652 1644 738 1690 very
763 1645 856 1691 hairs
878 1647 914 1691 of
937 1647 1024 1693 your
1056 1648 1148 1694 head
1174 1649 1233 1695 are
1259 1650 1309 1695 all
1334 1651 1416 1697 num-

263 1693 371 1725 bered
375 1694 382 1724 .
451 1687 787 1738 MONTERINGAR
955 1686 1113 1733 SITE

312 1737 360 1775 Q.
386 1737 443 1775 75.
491 1738 583 1777 Rom
591 1738 597 1776 .
618 1738 677 1777 viii
684 1739 689 1777 .
709 1739 752 1777 29
765 1739 773 1777 :
805 1740 876 1778 For
896 1740 1008 1780 whom
1031 1741 1073 1779 he
1100 1742 1160 1780 did
1179 1742 1358 1782 foreknow
1363 1743 1370 1781 ,
1390 1743 1436 1782 he

266 1786 342 1828 also
360 1786 418 1828 did
436 1786 680 1830 predestinate
699 1788 737 1830 to
756 1788 799 1831 be
820 1788 1022 1832 conformed
1043 1790 1079 1832 to
1099 1790 1159 1833 the
1178 1790 1296 1834 image
1314 1792 1356 1834 of
1379 1792 1433 1834 his

266 1830 340 1871 Son
347 1830 355 1870 ,
370 1830 447 1872 that
464 1831 507 1871 he
523 1831 637 1873 might
656 1833 698 1873 be
718 1833 779 1873 the
797 1833 969 1875 firstborn
986 1835 1115 1877 among
1132 1836 1235 1878 many
1250 1837 1419 1879 brethren
1424 1839 1434 1879 .

265 1874 284 1918 1
307 1874 378 1919 Pet
382 1874 389 1918 .
408 1875 421 1919 i
425 1875 433 1919 .
451 1875 471 1919 2
486 1875 498 1919 :
524 1875 629 1921 Elect
648 1876 841 1923 according
860 1879 898 1923 to
915 1879 977 1924 the
995 1879 1283 1926 foreknowledge
1297 1882 1338 1926 of
1354 1883 1437 1928 God

264 1925 326 1967 the
347 1925 481 1969 Father
486 1926 492 1968 ,
511 1926 669 1970 through
690 1927 958 1972 sanctification
972 1929 1012 1971 of
1024 1929 1086 1972 the
1106 1930 1219 1973 Spirit
1223 1931 1229 1973 ,
1245 1931 1332 1974 unto
1352 1932 1419 1974 obe-

265 1972 392 2016 dience
409 1972 479 2015 and
496 1972 697 2017 sprinkling
712 1973 752 2016 of
766 1974 828 2017 the
843 1974 951 2017 blood
966 1974 1004 2017 of
1021 1975 1127 2018 Jesus
1146 1975 1271 2018 Christ
1286 1976 1297 2019 :
1315 1976 1435 2019 Grace

266 2020 353 2064 unto
371 2020 438 2064 you
444 2021 450 2065 ,
472 2021 542 2065 and
560 2021 670 2067 peace
674 2022 680 2066 ,
701 2022 743 2066 be
763 2022 962 2068 multiplied
968 2024 975 2068 .

314 2063 364 2107 Q.
387 2063 443 2108 76.
493 2064 603 2109 Mark
619 2065 680 2111 xvi
686 2066 693 2110 .
713 2066 755 2110 16
769 2066 777 2110 :
809 2067 869 2112 He
894 2067 975 2113 that
1001 2068 1179 2115 believeth
1208 2070 1277 2116 and
1301 2071 1330 2115 is
1348 2071 1418 2117 bap-

266 2108 361 2148 tized
379 2109 473 2149 shall
497 2110 541 2148 be
567 2110 675 2150 saved
690 2112 699 2150 ;
730 2112 795 2150 but
819 2112 862 2151 he
890 2113 970 2152 that
996 2113 1174 2153 believeth
1200 2115 1262 2154 not
1281 2115 1375 2155 shall
1388 2117 1436 2155 be

267 2157 418 2192 damned
424 2159 433 2191 .
482 2159 573 2193 Rom
583 2161 589 2193 .
607 2161 667 2194 viii
673 2162 680 2194 .
699 2162 743 2194 29
747 2163 755 2195 .

315 2206 363 2241 Q.
386 2206 443 2241 77.
493 2206 589 2243 Deut
595 2207 601 2242 .
622 2208 681 2243 viii
688 2208 693 2243 .
715 2208 730 2243 1
750 2209 759 2244 :
788 2208 906 2245 When
933 2210 1020 2246 thou
1048 2211 1128 2247 hast
1148 2211 1250 2248 eaten
1278 2212 1348 2247 and
1375 2213 1435 2248 art

267 2253 330 2298 full
335 2253 341 2297 ,
360 2253 446 2299 then
465 2254 553 2300 thou
573 2255 667 2301 shalt
686 2256 779 2302 bless
798 2257 859 2303 the
881 2257 986 2303 LORD
1004 2259 1068 2304 thy
1089 2259 1169 2305 God
1186 2261 1242 2305 for
1257 2261 1319 2307 the
1338 2262 1431 2307 good
