1561 2215
276 311 391 347 Child-

319 365 359 405 2.
378 365 402 405 "
424 365 484 405 Oh
488 365 496 405 ,
521 365 695 405 boatman
702 365 708 405 ,
737 365 811 405 row
834 365 891 405 me
913 365 993 405 o'er
1011 365 1075 405 the
1095 365 1231 405 stream
1236 365 1245 405 ,

373 419 454 463 The
474 419 557 463 gale
564 419 571 463 ,
594 419 613 463 I
634 419 711 463 fear
731 419 760 463 it
779 419 845 463 not
858 419 870 463 ;
891 419 916 463 =

375 472 442 518 My
460 471 584 517 gentle
606 470 753 517 mother
773 469 878 515 waits
895 470 951 515 for
970 469 1030 514 me
1034 469 1044 514 ,

373 522 518 567 Within
540 522 610 566 our
630 523 758 568 lonely
779 523 840 567 cot
842 523 853 567 .
856 523 879 567 "

269 598 459 633 Boatman-

466 621 508 625 2017

374 651 459 699 Thy
478 650 624 698 mother
639 649 729 697 long
750 648 847 696 shall
867 647 953 695 wait
973 647 1028 693 for
1047 645 1133 693 thee

371 702 419 750 In
438 702 524 750 vain
530 702 538 750 ,
562 702 651 750 thou
673 702 824 750 darling
845 702 951 750 child
956 702 965 750 ,

371 753 417 802 If
427 753 519 802 thou
542 753 735 804 should'st
755 754 872 805 tempt
890 755 952 804 the
974 755 1111 806 raging
1128 756 1266 806 stream

375 808 489 845 Amid
511 809 530 844 a
551 807 665 844 storm
689 808 729 843 so
758 807 846 842 wild
852 807 862 842 .
863 807 884 842 "

273 883 418 920 Chorus
422 883 459 920 -
479 883 542 920 All-

643 224 715 250 THE
742 224 861 249 UNION
891 223 988 249 HARP
993 223 1000 248 .

374 933 454 977 The
475 933 545 978 sun
566 934 598 977 is
620 934 676 978 set
681 935 686 978 ,
710 935 772 979 the
794 936 868 980 tide
890 937 921 980 is
944 937 1075 981 strong
1077 938 1088 981 ,

1150 986 1180 1036 i

426 991 506 1043 The
526 989 739 1042 lightnings
757 988 911 1040 fiercely
931 987 1056 1039 gleam
1060 987 1072 1037 ,

375 1038 467 1085 And
487 1038 602 1086 brave
621 1039 687 1085 the
710 1039 812 1087 heart
832 1040 906 1086 and
928 1040 1059 1088 strong
1078 1042 1143 1088 the
1161 1042 1243 1088 arm

428 1095 524 1134 That
543 1094 641 1133 rows
662 1093 790 1132 across
810 1094 872 1131 the
895 1091 1148 1131 stream.we

274 1169 390 1205 Child-

320 1223 361 1263 3.
417 1223 478 1263 Oh
484 1223 492 1263 ,
513 1223 687 1263 boatman
694 1223 700 1263 ,
724 1223 799 1263 row
817 1223 874 1263 me
895 1223 973 1263 o'er
993 1223 1055 1263 the
1077 1223 1212 1263 stream
1217 1223 1226 1263 ,

377 1273 468 1322 And
488 1273 589 1323 swift
605 1274 677 1322 our
696 1274 791 1324 bark
809 1275 908 1324 shall
924 1276 1029 1325 glide
1032 1276 1041 1324 ,

372 1320 440 1367 MY
460 1321 625 1369 FATHER
642 1324 755 1372 holds
777 1326 838 1373 the
859 1327 995 1375 raging
1014 1329 1132 1377 storm
1136 1332 1148 1377 ,

375 1378 467 1424 And
487 1378 602 1425 calms
620 1379 681 1425 the
696 1379 819 1427 angry
834 1380 907 1426 tide
925 1380 938 1426 !
950 1381 976 1427 "

672 1436 796 1475 pothum

271 1441 460 1482 Boatman-

376 1493 396 1529 "
421 1493 525 1530 Then
548 1494 565 1530 I
587 1494 664 1532 will
684 1495 758 1532 row
782 1495 864 1533 thee
885 1496 964 1534 o'er
983 1497 1045 1535 the
1064 1498 1198 1536 stream
1205 1499 1216 1535 ,

373 1542 417 1587 If
433 1544 515 1589 God
536 1546 616 1592 will
635 1548 682 1593 be
700 1550 771 1596 thy
790 1552 874 1598 stay
890 1555 902 1598 ;

371 1598 502 1646 We'll
521 1599 653 1647 boldly
672 1600 751 1646 ride
772 1600 898 1648 before
919 1601 981 1648 the
1002 1602 1115 1649 storm
1121 1602 1133 1648 ,-

376 1649 439 1698 Oh
444 1649 452 1697 ,
475 1649 580 1699 haste
606 1650 690 1700 thee
695 1651 702 1699 ,
728 1651 831 1701 child
836 1653 843 1701 ,
866 1652 973 1702 away
988 1654 1003 1702 !
1014 1654 1037 1702 "

276 1716 420 1754 Chorus
424 1717 461 1753 -
483 1718 546 1754 All-

376 1764 456 1813 The
477 1766 547 1814 sun
568 1766 601 1814 is
623 1767 681 1815 set
683 1768 690 1815 ,
714 1768 776 1816 the
798 1768 900 1817 wind
921 1770 950 1817 is
974 1770 1105 1819 strong
1109 1772 1119 1819 ,

429 1820 509 1869 The
529 1821 744 1871 lightnings
765 1824 919 1874 fiercely
938 1826 1060 1875 gleam
1079 1828 1091 1875 ;

375 1874 514 1923 WE'LL
527 1874 649 1923 TRUST
667 1875 711 1924 IN
732 1874 902 1925 HEAVEN
908 1875 915 1924 ,
936 1875 1009 1925 and
1031 1876 1162 1925 boldly
1184 1876 1273 1926 dare
1277 1877 1286 1926 ,

430 1928 509 1976 The
529 1928 623 1976 deep
641 1928 716 1976 and
747 1928 890 1976 rolling
907 1928 1043 1976 stream
1060 1928 1072 1976 !
1082 1928 1104 1976 "

1301 217 1375 250 363
