1543 2217
631 159 743 200 LOVE
747 159 756 197 ,
787 156 866 196 JOY
870 157 879 195 ,
908 152 1043 194 PEACE
1044 153 1054 191 .

400 247 419 287 2
443 247 558 287 There
570 247 599 287 is
601 247 608 287 ,
626 247 727 287 there
743 247 770 287 is
775 247 781 287 ,
801 247 835 287 in
856 247 936 287 Thy
953 247 1039 287 holy
1060 247 1174 287 Word
1176 247 1188 287 ,
1232 247 1261 287 A

486 289 567 332 Thy
587 289 702 332 Word
718 289 831 332 which
851 289 913 332 can
933 289 1025 332 ne'er
1045 289 1168 332 depart
1168 289 1176 332 ,

375 337 433 379 doo
442 337 557 378 There
572 337 599 378 is
616 337 636 378 a
653 335 804 377 promise
821 336 861 377 of
882 335 999 377 mercy
1017 335 1132 376 stored

488 379 558 420 For
575 379 670 420 them
689 379 768 420 who
784 379 842 420 are
858 379 966 420 lowly
983 379 1022 420 of
1043 379 1141 420 heart
1144 379 1154 420 .
1180 379 1215 420 A

444 425 465 468 "
478 424 544 467 My
561 422 653 467 yoke
669 423 698 466 is
715 421 794 466 easy
799 422 805 465 ,
826 422 885 465 my
901 420 1033 465 burden
1050 419 1148 464 light-

489 470 518 502 O
535 468 631 501 come
649 466 733 500 unto
752 465 807 499 me
826 465 880 498 for
900 464 968 498 rest
980 465 991 497 !
994 464 1010 496 "

443 511 526 553 This
530 511 537 553 ,
556 511 623 553 this
642 511 668 553 is
685 511 744 553 the
761 511 913 553 promise
929 511 968 553 of
987 511 1107 553 mercy
1109 511 1118 553 ,
1135 511 1250 553 stored

489 553 560 599 For
576 553 635 599 the
653 553 823 599 wounded
842 553 910 599 and
931 553 1046 599 weary
1063 553 1178 599 breast
1180 553 1188 599 .

353 734 459 775 247
456 734 470 775 .

1034 692 1193 724 alomat
1211 692 1257 722 11

586 729 727 772 broyed
738 729 821 771 18s
826 729 835 771 .
860 730 920 772 M.
937 730 983 772 od
998 730 1042 772 on
1061 730 1139 772 was
1167 731 1207 773 W

336 1268 445 1321 244

446 800 465 846 1
494 800 584 846 How
601 800 757 846 precious
776 800 877 846 when
898 800 971 846 first
988 800 1006 846 I
1026 800 1182 846 believed
1183 800 1195 846 ,

537 846 607 887 Did
627 846 726 887 Jesus
745 846 808 887 my
825 847 973 889 Saviour
994 847 1124 889 appear
1132 848 1143 889 !

494 886 613 931 When
632 887 704 931 him
722 888 756 931 as
776 888 836 932 my
856 889 950 933 Lord
970 890 988 933 I
1006 889 1162 934 received
1165 891 1174 934 ,

536 932 589 972 To
606 932 663 972 me
679 932 789 974 above
806 933 854 973 all
875 933 917 973 he
936 933 1005 974 was
1022 933 1166 975 dear.od
1169 934 1210 974 W

493 979 558 1021 All
574 979 674 1021 glory
679 979 685 1021 ,
704 979 884 1021 dominion
888 979 895 1021 ,
916 979 986 1021 and
1003 979 1116 1021 praise
1116 979 1121 1021 ,

539 1020 590 1059 To
606 1020 681 1059 him
700 1020 778 1059 who
795 1021 880 1060 hath
899 1021 1002 1060 loved
1018 1022 1055 1061 us
1074 1022 1115 1061 be
1132 1022 1236 1061 given
1240 1022 1250 1061 ,
1286 1023 1305 1062 a

497 1064 553 1105 By
570 1064 618 1105 all
635 1064 714 1105 who
730 1064 775 1106 on
795 1065 890 1106 earth
913 1065 979 1106 feel
996 1066 1048 1107 his
1066 1066 1167 1107 grace
1169 1066 1177 1107 ,
1193 1066 1218 1107 I

541 1111 595 1156 By
612 1111 661 1155 all
675 1111 751 1155 who
771 1109 894 1154 behold
912 1110 985 1154 him
1003 1109 1038 1153 in
1056 1108 1190 1153 heaven
1193 1109 1202 1153 .
1225 1109 1250 1153 T

442 1157 491 1196 no
489 1152 585 1193 vient
623 1147 691 1187 dis

447 1197 467 1237 2
492 1195 597 1237 With
613 1195 675 1235 joy
693 1193 793 1235 when
810 1194 870 1234 my
888 1193 955 1233 cup
972 1191 1126 1233 runneth
1144 1191 1213 1232 o'er
1214 1191 1221 1231 ,

537 1230 661 1269 When
673 1232 789 1270 smiles
806 1233 874 1272 this
892 1234 973 1273 vain
993 1235 1100 1274 world
1119 1236 1212 1275 upon
1230 1238 1285 1276 me
1287 1239 1295 1276 ,

493 1270 561 1322 My
576 1270 655 1323 soul
667 1271 696 1322 is
708 1271 935 1325 transported
954 1273 1027 1326 still
1046 1274 1144 1326 more

540 1323 607 1369 My
622 1320 782 1368 precious
804 1316 994 1365 Redeemer
1011 1316 1045 1361 to
1060 1313 1165 1361 see.la
1180 1312 1261 1359 baA

495 1367 689 1411 Dominion
692 1367 698 1411 ,
719 1367 791 1411 and
807 1367 907 1411 glory
911 1367 918 1411 ,
936 1367 1005 1411 and
1022 1367 1137 1411 might
1137 1367 1148 1411 ,

541 1410 693 1449 Forever
713 1412 781 1450 and
801 1412 881 1451 ever
898 1413 939 1450 be
955 1414 1034 1452 paid
1039 1414 1046 1451 ,

495 1457 547 1497 To
565 1457 664 1497 Jesus
685 1457 747 1497 our
769 1457 840 1497 Joy
857 1457 926 1497 and
947 1457 1091 1497 Delight
1092 1457 1099 1497 ,

541 1496 589 1537 In
606 1496 704 1538 robes
723 1497 763 1538 of
785 1497 956 1540 salvation
983 1499 1127 1541 arrayed
1133 1500 1142 1541 .

1277 526 1343 570 AS

385 1674 473 1720 deid

453 1582 475 1625 3
498 1582 595 1625 Thro
589 1582 606 1625 '
627 1582 759 1625 death's
778 1582 920 1625 gloomy
937 1582 1016 1625 vale
1034 1582 1133 1625 when
1152 1582 1171 1625 I
1188 1582 1287 1625 tread
1290 1582 1296 1625 ,

545 1628 630 1668 And
649 1629 751 1669 when
767 1630 827 1670 the
844 1631 977 1670 grave's
996 1632 1122 1672 terrors
1138 1633 1268 1673 appear
1269 1635 1276 1673 ,

499 1674 558 1719 No
575 1673 708 1719 danger
726 1673 763 1717 or
784 1671 853 1717 evil
870 1671 939 1716 I'll
955 1670 1060 1716 dread
1062 1671 1070 1715 ,
1100 1669 1188 1714 Jung
1224 1669 1262 1713 M

546 1720 615 1763 For
633 1719 733 1762 Jesus
736 1719 743 1760 ,
763 1717 825 1760 my
843 1716 938 1759 Lord
939 1716 945 1757 ,
966 1715 1038 1757 will
1052 1714 1092 1756 be
1107 1713 1208 1756 there
1213 1713 1225 1754 :

500 1763 564 1805 His
580 1762 710 1804 praises
730 1761 868 1804 forever
886 1762 985 1803 we'll
1006 1761 1085 1802 sing

1207 1768 1261 1796 Da

544 1803 677 1845 Who's
697 1804 833 1846 willing
851 1805 920 1845 and
938 1805 1074 1847 mighty
1093 1806 1127 1846 to
1143 1806 1228 1846 save
1225 1807 1235 1847 ,

500 1849 595 1892 Who
613 1850 696 1891 took
720 1849 807 1890 from
826 1848 885 1890 the
903 1847 1056 1890 monster
1075 1847 1127 1888 his
1148 1846 1243 1888 sting
1246 1846 1254 1887 ,

544 1894 631 1934 And
648 1894 781 1934 spoiled
798 1894 839 1934 of
860 1894 901 1934 its
921 1894 1033 1934 terror
1049 1894 1109 1934 the
1124 1894 1232 1934 grave
1232 1894 1240 1934 .

809 1952 876 1982 148
894 1956 910 1983 I
