1382 2180
675 257 719 286 58

645 335 745 367 393

586 397 641 422 For
654 397 700 421 the
715 397 786 423 Jews
791 398 801 422 .

305 451 331 482 1.
353 451 505 485 Disown'd
520 453 553 484 of
569 453 680 486 Heav'n
685 455 690 486 ,
705 455 741 486 by
756 455 821 488 man
837 456 951 489 opprest
952 458 959 489 ,

392 491 527 522 Outcasts
541 492 610 521 from
629 493 720 522 Sion's
738 493 873 524 hallow'd
887 494 993 524 ground
998 494 1005 523 ,

354 526 524 558 Wherefore
539 528 640 560 should
656 529 768 560 Israel's
786 530 853 562 sons
860 531 865 561 ,
881 531 955 562 once
971 531 1046 563 blest
1048 532 1055 562 ,

393 571 456 603 Still
468 571 546 602 roam
559 571 609 602 the
622 570 754 602 scorning
768 570 855 601 world
869 569 979 601 around
986 569 999 600 ?

300 625 330 657 2.
351 625 428 657 Lord
437 625 446 657 !
468 625 534 657 visit
548 625 611 657 Thy
624 625 762 657 forsaken
776 625 843 657 race
853 625 862 657 !

391 663 471 694 Back
483 663 510 694 to
526 663 592 694 Thy
605 663 675 695 Fold
690 664 737 695 the
753 664 908 697 wand'rers
923 665 1003 696 bring
1011 665 1020 696 !

354 697 453 730 Teach
465 699 543 731 them
557 700 586 731 to
600 701 669 733 seek
685 702 749 734 Thy
763 703 882 737 slighted
897 705 980 737 grace
985 706 993 737 ,

391 740 455 771 And
469 740 527 771 hail
540 741 567 772 in
584 740 678 773 Christ
692 742 765 774 their
778 742 914 775 promis'd
932 743 1007 776 King
1010 744 1017 775 .

226 260 317 292 RITES
318 260 326 289 ,
346 258 366 288 &
369 259 387 288 C
391 258 398 287 .

303 798 330 823 3.
352 798 413 823 The
429 798 489 823 veil
503 798 535 823 of
546 798 681 823 darkness
696 798 766 823 rend
780 798 811 823 in
827 798 915 823 twain

393 833 503 863 Which
517 834 598 864 hides
612 835 685 865 their
701 836 824 866 Shiloh's
840 837 961 867 glorious
977 838 1047 868 light
1048 839 1057 867 ;

355 875 417 903 The
432 875 546 904 sever'd
563 876 638 904 olive
640 876 650 904 -
654 876 760 905 branch
775 877 857 905 again

392 916 465 945 Firm
481 916 508 945 to
522 916 558 945 its
573 916 675 945 parent
689 916 770 945 stock
785 916 866 945 unite
869 916 877 945 .

301 967 331 999 4.
354 967 420 999 Hail
433 967 442 999 !
460 967 586 1001 glorious
604 969 659 1001 day
664 969 669 1001 ,
684 969 823 1003 expected
836 970 904 1002 long
915 971 923 1003 !

392 1004 490 1037 When
503 1006 565 1038 Jew
580 1006 635 1039 and
652 1007 744 1040 Greek
760 1008 814 1041 one
830 1009 921 1041 pray'r
936 1010 1008 1043 shall
1028 1011 1099 1044 pour
1100 1012 1107 1043 ;

353 1047 435 1076 With
449 1047 533 1076 eager
544 1048 603 1077 feet
617 1048 670 1077 one
685 1048 790 1079 temple
803 1049 906 1079 throng
911 1050 919 1079 ,

391 1085 474 1117 With
486 1085 608 1117 grateful
626 1085 719 1117 praise
735 1085 797 1117 One
813 1085 887 1117 Lord
902 1085 987 1117 adore
990 1085 998 1117 .

634 1162 731 1193 394

340 1224 366 1254 1.
389 1224 432 1253 Oh
436 1224 442 1253 ,
456 1224 518 1253 that
532 1224 581 1253 the
597 1223 696 1252 Lord's
712 1221 853 1252 salvation

430 1259 517 1287 Were
531 1261 583 1288 out
594 1262 628 1289 of
643 1263 715 1290 Zion
732 1265 814 1291 come
817 1266 826 1291 ;

391 1297 433 1325 To
448 1297 513 1327 heal
529 1298 579 1327 His
601 1298 717 1328 ancient
730 1300 828 1329 nation
833 1301 840 1329 ,

427 1338 471 1363 To
484 1338 548 1363 lead
565 1338 615 1363 His
631 1338 759 1365 outcasts
776 1339 860 1365 home
872 1340 882 1365 !

392 1377 464 1407 How
478 1377 545 1408 long
558 1378 606 1407 the
621 1378 696 1409 Holy
709 1380 775 1410 City

429 1413 510 1444 Shall
522 1414 647 1445 heathen
662 1416 720 1446 feet
733 1416 850 1447 profane
859 1418 871 1447 ?

389 1456 495 1487 Return
501 1456 508 1487 ,
523 1456 545 1487 O
563 1456 636 1487 Lord
646 1456 653 1487 !
674 1456 703 1487 in
719 1456 778 1487 pity
780 1456 789 1487 ;

427 1492 547 1523 Rebuild
561 1494 614 1523 her
625 1494 707 1525 walls
723 1495 805 1525 again
816 1496 825 1525 !

988 264 1132 283 MISSIONS
1140 264 1148 283 .

338 1548 366 1580 2.
388 1548 445 1581 Let
456 1549 504 1582 fall
520 1550 570 1583 thy
586 1551 634 1584 rod
651 1551 682 1584 of
699 1552 789 1585 terror
790 1553 799 1585 ;

427 1592 490 1620 Thy
504 1592 605 1621 saving
624 1593 708 1621 grace
724 1593 828 1623 impart
833 1594 840 1622 :

391 1623 455 1652 Roll
473 1625 546 1653 back
560 1626 608 1655 the
623 1627 686 1656 veil
701 1629 732 1658 of
751 1630 828 1658 error
831 1632 840 1659 ;

415 1666 537 1691 Release
551 1666 599 1691 the
614 1666 729 1692 fetter'd
745 1667 827 1692 heart
838 1667 846 1692 !

388 1705 444 1733 Let
457 1705 545 1735 Israel
550 1706 556 1734 ,
570 1705 655 1735 home
671 1706 817 1736 returning
819 1708 827 1736 ,

429 1740 489 1770 Her
499 1741 557 1771 lost
570 1743 700 1774 Messiah
713 1746 763 1775 see
764 1747 775 1775 ;

389 1780 464 1812 Give
480 1782 519 1812 oil
533 1782 566 1812 of
578 1783 628 1814 joy
641 1783 683 1814 for
698 1784 850 1816 mourning
851 1786 858 1816 ,

428 1823 494 1852 And
507 1823 574 1852 bind
590 1823 653 1852 Thy
669 1823 781 1852 Church
798 1823 824 1852 to
842 1823 921 1852 Thee
932 1823 941 1852 !
