1255 1820
430 269 502 298 THE
536 265 709 296 SAVIOUR
714 265 721 292 .

924 256 974 287 37

401 420 508 452 THE
526 418 749 451 SAVIOUR
762 418 770 448 .

524 502 569 533 C.
595 502 649 533 M.

199 564 216 603 1
241 563 308 602 SEE
323 563 380 602 the
396 562 479 601 kind
497 560 673 601 Shepherd
676 561 682 600 ,
714 559 812 600 Jesus
814 560 823 599 ,
853 558 970 599 stands
972 559 981 598 ,

284 610 378 649 With
392 610 440 648 all
454 608 620 648 engaging
633 608 766 647 charms
775 608 785 646 ;

243 652 338 687 Hark
340 653 351 686 ,
366 651 440 685 how
459 651 500 685 he
514 650 593 684 calls
611 649 668 683 the
685 648 802 683 tender
817 647 925 682 lambs
928 647 936 680 ,

286 697 364 728 And
380 697 465 728 folds
482 697 573 728 them
591 697 625 728 in
645 697 696 728 his
722 697 810 728 arms
821 697 831 728 !

287 813 305 823 66

200 762 225 801 2
244 762 266 801 "
275 762 402 801 Permit
416 762 509 801 them
522 762 557 801 to
575 762 743 801 approach
747 762 755 801 ,
758 762 773 801 "
788 762 831 801 he
848 762 934 801 cries
937 762 948 801 ,

321 806 389 839 Nor
407 806 505 839 scorn
520 806 611 839 their
628 806 765 839 humble
779 806 876 839 name
885 806 895 839 ;

245 850 309 883 For
325 850 336 883 '
333 850 417 883 twas
433 850 468 883 to
484 850 575 883 bless
592 850 672 883 such
691 850 781 883 souls
796 850 831 883 as
846 850 943 883 these
944 850 955 883 ,

288 893 359 931 The
373 894 462 932 Lord
478 896 515 932 of
526 896 643 934 angels
660 897 752 935 came
755 899 766 935 .
763 899 777 935 "

202 959 221 993 3
244 958 335 994 He'll
349 959 423 994 lead
440 960 481 994 us
493 960 527 995 to
540 961 598 995 the
615 961 783 997 heavenly
799 962 940 998 streams
944 963 953 997 ,

291 1006 413 1043 Where
428 1006 536 1043 living
555 1006 677 1043 waters
692 1006 767 1043 flow
780 1006 792 1043 ;

246 1049 324 1087 And
335 1048 437 1086 guide
453 1048 489 1085 us
507 1048 542 1084 to
559 1046 617 1084 the
633 1046 763 1084 fruitful
778 1044 875 1082 fields
878 1045 887 1081 .

288 1085 413 1129 Where
426 1087 517 1130 trees
532 1089 571 1132 of
580 1090 777 1134 knowledge
793 1093 890 1136 grow
889 1095 903 1136 .

201 1168 221 1197 4
247 1167 316 1196 The
334 1166 472 1196 feeblest
471 1166 477 1195 .
487 1166 578 1195 lamb
596 1166 719 1195 amidst
729 1165 787 1194 the
801 1165 885 1194 flock
890 1165 902 1194 .

291 1211 387 1248 Shall
401 1211 441 1247 be
457 1211 502 1247 its
523 1209 729 1247 Shepherd's
747 1210 825 1246 care
833 1210 842 1246 :

247 1253 359 1287 While
373 1254 484 1288 folded
500 1255 535 1287 in
552 1255 609 1287 the
628 1255 796 1289 Saviour's
819 1257 908 1289 arms
912 1257 921 1289 ,

291 1296 403 1332 We're
421 1297 489 1333 safe
502 1298 589 1334 from
608 1300 714 1335 every
728 1301 827 1337 snare
828 1302 838 1336 .

413 1347 459 1397 L.
478 1349 531 1398 M.
557 1350 580 1398 (
578 1350 743 1402 CHORUS
745 1354 755 1402 .
757 1354 775 1402 )

204 1360 252 1388 42

205 1419 223 1459 1
247 1418 265 1458 I
279 1417 377 1458 KNOW
390 1417 402 1457 '
404 1417 446 1457 tis
463 1416 559 1457 Jesus
576 1416 667 1456 loves
685 1416 741 1456 my
759 1415 831 1455 soul
834 1415 843 1455 ,

248 1461 326 1498 And
342 1460 455 1497 makes
469 1460 526 1496 the
544 1459 706 1496 wounded
723 1457 836 1494 sinner
861 1456 970 1493 whole
976 1457 987 1492 ;

250 1507 308 1549 My
325 1506 444 1548 nature
460 1506 488 1546 is
506 1504 552 1546 by
570 1504 620 1545 sin
638 1503 757 1545 defiled
761 1503 769 1543 ,

252 1553 316 1585 Yet
333 1552 426 1584 Jesus
444 1551 538 1583 loves
556 1551 572 1581 a
588 1550 677 1582 little
698 1549 790 1580 child
792 1549 801 1579 .
