2095 3189
278 280 333 316 80

649 278 856 316 SELECT
896 277 1088 315 HYMNS
1128 277 1241 314 AND
1280 276 1462 314 TUNES
1465 277 1475 313 .

296 431 442 466 SAVIOR
445 431 452 466 ,
468 431 563 466 LIKE
583 431 608 466 A
626 431 837 466 SHEPHERD
857 431 961 466 LEAD
982 431 1025 466 US
1029 431 1037 466 .
1523 431 1606 466 AND
1625 431 1831 466 EVERLAST-

521 467 556 477 HOME

647 465 657 477 E
683 462 711 476 SHPS

501 498 570 531 Key
580 496 618 528 D.
652 497 685 530 89
686 498 695 529 ,
707 496 738 529 79
749 497 773 528 &
781 495 817 527 49
817 496 826 527 .

311 553 327 585 1
345 553 458 585 SAVIOR
463 553 468 585 ,
481 553 544 585 like
557 553 573 585 a
587 553 739 585 shepherd
753 553 820 585 lead
834 553 870 585 us
872 553 879 585 ,

378 584 469 616 Much
485 584 525 616 we
539 584 615 617 need
629 585 682 617 thy
695 585 848 618 tenderest
860 586 929 618 care
939 586 947 618 ;

344 620 381 652 In
392 620 445 652 thy
458 620 592 652 pleasant
603 620 740 652 pastures
753 620 820 652 feed
835 620 871 652 us
873 620 881 652 ,

379 650 437 683 For
451 650 505 683 our
517 651 571 683 use
583 651 635 684 thy
650 652 726 685 folds
740 652 866 686 prepare
867 654 874 686 .

412 685 538 713 Blessed
551 685 640 713 Jesus
645 685 649 713 ,
665 685 782 713 blessed
797 685 886 713 Jesus
889 685 896 713 ,

379 718 464 750 Thou
479 718 546 750 hast
559 718 673 751 bought
687 719 720 751 us
725 719 729 751 ,
745 719 829 751 thine
841 719 883 752 we
896 720 946 752 are
954 720 963 752 ;

411 751 536 780 Blessed
550 751 640 780 Jesus
644 751 648 780 ,
663 751 781 780 blessed
796 751 885 780 Jesus
888 751 895 780 ,

378 786 465 817 Thou
479 786 547 817 hast
560 786 674 817 bought
687 786 721 817 us
726 786 731 817 ,
745 786 828 817 thine
841 786 884 817 we
896 786 948 817 are
948 786 956 817 .

309 862 327 890 2
346 862 396 890 We
410 862 460 890 are
474 862 556 890 thine
560 862 564 890 ,
581 862 619 890 do
632 862 705 890 thou
718 862 851 890 befriend
866 862 901 890 us
905 862 912 890 ,

379 892 421 922 Be
433 892 484 923 the
498 892 646 925 Guardian
660 894 691 925 of
705 895 759 926 our
772 896 836 927 way
843 896 852 926 ;

345 927 432 960 Keep
444 928 499 959 thy
511 926 588 958 flock
594 927 598 958 ,
614 925 688 958 from
705 926 749 957 sin
764 924 871 957 defend
887 924 921 956 us
925 924 932 955 ,

376 963 456 992 Seek
470 963 504 992 us
516 963 603 992 when
615 963 658 992 we
671 963 707 992 go
721 963 819 992 astray
819 963 830 992 .

411 992 536 1022 Blessed
550 992 638 1022 Jesus
642 992 647 1022 ,
663 992 781 1022 blessed
796 992 885 1022 Jesus
888 992 895 1022 ,

376 1027 457 1060 Hear
469 1027 571 1060 young
581 1027 717 1060 children
731 1027 815 1060 when
828 1027 901 1060 they
913 1027 985 1060 pray
987 1027 995 1060 .

308 1106 324 1136 3
344 1106 428 1136 Thou
443 1106 510 1136 hast
522 1106 675 1136 promised
689 1106 719 1136 to
731 1106 849 1136 receive
861 1106 896 1136 us
899 1106 906 1136 ,

376 1137 453 1169 Poor
464 1137 522 1169 and
535 1137 558 1169 si
568 1137 623 1169 iful
634 1137 750 1169 though
763 1137 804 1169 we
818 1137 855 1169 be
865 1137 873 1169 ;

344 1171 429 1203 Thou
444 1171 511 1203 hast
525 1171 629 1203 mrercy
642 1171 670 1203 to
685 1171 796 1203 relieve
809 1171 845 1203 us
848 1171 856 1203 ,

377 1205 471 1235 Grace
483 1205 512 1235 to
524 1205 645 1235 cleanse
647 1205 653 1235 ,
667 1205 725 1235 and
739 1205 837 1235 power
849 1205 880 1235 to
891 1205 953 1235 free
956 1205 963 1235 .

411 1236 516 1264 Blesse
552 1236 641 1264 Jesus
645 1237 649 1265 ,
665 1237 784 1266 blessed
800 1237 890 1266 Jesus
893 1238 901 1266 ,

377 1272 432 1302 Let
446 1272 479 1301 us
494 1271 575 1301 early
586 1271 654 1300 turn
666 1271 695 1300 to
709 1270 781 1300 thee
782 1270 790 1299 .

306 1348 323 1379 4
345 1348 433 1379 Early
445 1348 488 1379 let
501 1348 536 1379 us
550 1348 624 1379 seek
638 1348 691 1379 thy
704 1348 785 1379 favor
785 1348 793 1379 ,

379 1382 465 1412 Early
479 1382 520 1411 let
535 1382 568 1411 us
584 1381 620 1411 do
633 1381 687 1410 thy
699 1381 758 1410 will
767 1381 776 1410 ;

343 1413 468 1444 Blessed
485 1413 562 1444 Lord
575 1413 631 1444 and
645 1413 711 1444 only
724 1413 825 1444 Savior
826 1413 833 1444 ,

376 1448 454 1477 With
470 1448 522 1476 thy
536 1447 602 1476 love
618 1447 670 1475 our
685 1445 807 1475 bosoms
819 1446 862 1474 fill
865 1446 873 1474 .

410 1480 534 1508 Blessed
548 1480 637 1508 Jesus
642 1480 646 1508 ,
661 1480 781 1508 blessed
795 1480 886 1508 Jesus
888 1480 895 1508 ,

378 1513 463 1542 Thou
476 1513 544 1542 hast
557 1513 644 1542 loved
659 1513 693 1542 us
699 1513 704 1542 ,
718 1513 785 1542 love
798 1513 835 1542 us
848 1513 911 1542 still
912 1513 921 1542 .

381 1674 460 1705 THE
478 1674 638 1705 SUNDAY
644 1674 655 1705 -
657 1674 799 1705 SCHOOL
818 1674 936 1705 ARMY
935 1674 945 1705 .

601 1739 671 1772 Key
682 1738 717 1769 G.

340 1794 356 1826 1
376 1794 399 1826 0
403 1794 410 1826 ,
424 1794 462 1826 Do
475 1794 525 1826 not
541 1794 576 1826 be
590 1794 789 1826 discouraged
792 1794 799 1826 ,

410 1828 468 1860 For
480 1828 568 1860 Jesus
582 1828 605 1860 is
619 1828 696 1860 your
710 1828 817 1860 Friend
824 1828 833 1860 !

375 1860 398 1888 O
402 1860 409 1888 ,
424 1860 462 1888 do
475 1860 527 1888 not
539 1860 575 1889 be
588 1860 786 1890 discouraged
790 1862 796 1890 ,

410 1894 468 1925 For
479 1894 568 1925 Jesus
579 1894 606 1925 is
620 1894 695 1925 your
709 1894 815 1925 Friend
826 1894 835 1925 !

376 1927 423 1957 He
435 1927 493 1959 will
506 1927 574 1959 give
586 1929 644 1960 you
659 1929 745 1961 grace
757 1931 787 1961 to
800 1931 934 1962 conquer
933 1932 940 1962 ,

378 1958 424 1989 He
435 1958 493 1990 will
506 1959 572 1991 give
586 1960 644 1991 you
657 1961 744 1993 grace
759 1962 788 1993 to
801 1962 933 1995 conquer
934 1965 941 1995 ,

410 1994 476 2025 And
489 1994 569 2024 keep
582 1994 640 2024 you
653 1994 682 2024 to
694 1993 748 2023 the
761 1993 819 2023 end
823 1993 830 2023 .

594 2073 713 2096 CHORUS
715 2073 722 2096 .

374 2128 388 2159 I
401 2128 448 2159 am
465 2128 531 2159 glad
546 2128 608 2159 I'm
622 2128 652 2159 in
666 2128 727 2159 this
740 2128 826 2159 army
827 2128 835 2159 ,

376 2160 434 2190 Yes
439 2160 444 2190 ,
459 2160 518 2190 I'm
536 2160 604 2190 glad
619 2160 680 2191 I'm
697 2161 725 2191 in
740 2161 799 2191 this
813 2161 898 2191 army
901 2162 909 2192 ,

374 2193 432 2226 Yes
438 2193 444 2226 ,
458 2193 519 2226 I'm
536 2193 604 2226 glad
618 2194 681 2227 I'm
698 2194 726 2227 in
741 2194 799 2227 this
814 2195 900 2228 army
900 2195 908 2228 ,

407 2227 471 2253 And
486 2227 539 2253 I'll
554 2227 644 2253 battle
657 2227 699 2253 for
713 2227 763 2253 the
778 2227 884 2253 school
886 2227 893 2253 .

338 2307 355 2339 2
374 2304 462 2338 Fight
474 2303 509 2336 on
514 2304 520 2336 ,
535 2302 572 2336 ye
584 2301 657 2335 little
672 2299 798 2334 soldiers
801 2300 808 2332 ,

410 2338 471 2367 The
485 2338 574 2367 battle
588 2338 647 2367 you
660 2338 739 2367 shall
750 2338 804 2367 win
813 2338 822 2367 ;

374 2370 463 2405 Fight
475 2370 510 2403 on
516 2370 521 2403 ,
536 2369 572 2403 ye
585 2368 659 2403 little
674 2367 800 2401 soldiers
803 2367 809 2400 ,

409 2404 471 2433 The
485 2404 574 2433 battle
587 2404 645 2433 you
660 2404 735 2433 shall
749 2404 803 2433 win
813 2404 822 2433 ;

376 2436 435 2467 For
447 2436 498 2467 the
511 2436 612 2467 Savior
624 2436 648 2467 is
662 2436 737 2467 your
749 2436 870 2467 Captain
872 2436 880 2467 ,

375 2468 433 2498 For
446 2468 497 2498 the
511 2468 611 2500 Savior
624 2469 648 2499 is
663 2469 736 2500 your
749 2470 870 2501 Captain
874 2471 881 2501 ,

406 2504 473 2532 And
485 2504 525 2532 he
536 2504 591 2532 has
604 2504 791 2532 vanquished
804 2504 850 2532 sin
850 2504 858 2532 .

439 2540 455 2569 I
465 2538 513 2568 am
528 2536 597 2567 glad
601 2536 607 2565 ,
621 2535 679 2565 etc.

1082 432 1253 464 CHRIST'S
1268 424 1595 519 UNIVEINGDOM
1598 492 1605 505 .

1321 473 1392 504 ING

1118 536 1206 575 TUNE
1235 536 1258 575 "
1268 536 1358 575 Duke
1371 536 1469 575 Street
1469 536 1476 575 .
1481 536 1495 575 "
1535 536 1604 575 Key
1617 536 1668 575 Eb
1676 536 1684 575 .
1717 536 1754 575 L.
1764 536 1807 575 M.

1111 607 1127 638 1
1145 607 1232 638 JESUS
1247 607 1326 638 shall
1338 607 1419 638 reign
1434 607 1577 638 where'er
1589 607 1642 638 the
1655 607 1712 638 sun

1147 636 1226 667 Does
1241 637 1286 667 his
1301 638 1473 669 successive
1483 639 1627 670 journeys
1640 641 1695 672 run
1706 642 1715 671 ;

1147 672 1201 703 His
1216 672 1360 703 kingdom
1376 672 1484 703 spread
1497 672 1571 703 from
1586 672 1676 703 shore
1688 672 1717 703 to
1730 672 1821 703 shore
1822 672 1829 703 ,

1148 705 1202 731 Till
1215 705 1320 731 moons
1335 705 1412 731 shall
1426 705 1488 731 wax
1503 705 1559 731 and
1573 705 1653 731 wane
1666 705 1703 731 no
1717 705 1802 731 more
1805 705 1812 731 .

339 2612 355 2639 3
374 2612 437 2639 And
452 2612 536 2639 when
549 2612 599 2639 the
614 2612 764 2641 conflict's
778 2613 850 2640 over
851 2613 859 2640 ,

409 2647 512 2677 Before
527 2647 588 2677 him
605 2647 663 2677 you
677 2647 755 2677 shall
768 2647 854 2677 stand
862 2647 871 2677 ;

374 2678 439 2705 And
451 2678 537 2706 when
550 2679 604 2706 the
616 2678 765 2707 conflict's
780 2680 849 2707 over
852 2680 859 2707 ,

409 2712 512 2744 Before
526 2712 587 2743 him
603 2712 661 2742 you
675 2710 751 2742 shall
765 2709 851 2741 stand
855 2710 861 2740 .

375 2745 440 2776 You
453 2745 529 2776 shall
543 2745 608 2776 sing
621 2745 666 2776 his
680 2745 777 2776 praise
790 2745 905 2776 forever
907 2745 914 2776 ,

373 2776 437 2809 You
452 2776 529 2809 shall
542 2776 608 2810 sing
621 2777 665 2810 his
680 2777 776 2810 praise
790 2777 905 2812 forever
907 2778 915 2811 ,

406 2812 440 2844 In
454 2811 594 2844 Canaan's
609 2811 708 2843 happy
720 2811 789 2842 land
792 2811 799 2842 .

438 2848 453 2878 I
464 2846 512 2877 am
526 2845 596 2877 glad
600 2845 605 2875 ,
620 2844 678 2876 etc.

1111 781 1127 809 2
1148 781 1234 809 From
1249 781 1338 809 north
1351 782 1380 810 to
1395 782 1482 810 south
1496 782 1548 810 the
1563 782 1679 811 princes
1694 783 1777 811 meet
1778 783 1785 811 ,

1145 816 1190 839 To

1202 822 1259 848 pay
1270 816 1351 848 their
1364 816 1494 848 homage
1507 816 1537 848 at
1550 816 1597 848 his
1609 816 1669 848 feet
1677 816 1686 848 ;

1146 848 1244 878 While
1255 848 1380 878 western
1395 848 1524 878 empires
1540 848 1601 878 own
1616 848 1693 878 their
1707 848 1785 878 Lord
1788 848 1794 878 ,

1144 882 1209 915 And
1224 881 1331 914 savage
1345 880 1433 913 tribes
1449 879 1549 912 attend
1563 880 1610 911 his
1624 878 1714 911 Word
1715 879 1723 910 .

1111 956 1128 988 3
1148 956 1187 988 To
1201 956 1262 988 him
1280 956 1356 989 shall
1369 956 1490 990 endless
1503 957 1610 991 prayer
1623 958 1659 990 be
1673 958 1762 991 made
1764 959 1771 991 ,

1144 992 1209 1023 And
1223 992 1343 1023 endless
1358 992 1469 1023 praises
1485 992 1580 1023 crown
1595 992 1641 1023 his
1653 992 1731 1023 head
1743 992 1751 1023 ;

1146 1025 1199 1057 His
1212 1025 1299 1056 name
1305 1025 1310 1056 ,
1323 1025 1386 1056 like
1402 1024 1491 1055 sweet
1505 1023 1641 1055 perfume
1644 1023 1650 1054 ,
1665 1023 1740 1054 shali
1755 1023 1815 1054 rise

1146 1058 1223 1092 With
1238 1057 1327 1091 every
1340 1056 1478 1091 morning
1493 1055 1625 1090 sacrifice
1627 1056 1634 1089 .

1111 1133 1128 1166 4
1146 1132 1258 1167 People
1270 1133 1328 1167 and
1340 1133 1451 1168 realms
1466 1135 1497 1168 of
1512 1135 1600 1169 every
1611 1135 1724 1170 tongue

1147 1165 1237 1193 Dwell
1252 1166 1286 1192 on
1302 1167 1347 1193 his
1361 1167 1427 1193 love
1440 1168 1507 1195 with
1522 1168 1659 1196 sweetest
1672 1169 1746 1197 song
1749 1170 1756 1196 ,

1144 1198 1207 1229 And
1222 1198 1312 1231 infant
1326 1198 1423 1231 voices
1439 1199 1514 1232 shall
1528 1200 1670 1233 proclaim

1147 1233 1238 1265 Their
1249 1233 1329 1265 early
1341 1233 1490 1267 blessings
1505 1234 1540 1266 on
1556 1234 1602 1266 his
1615 1234 1706 1267 name
1707 1235 1714 1267 .

1295 1402 1428 1433 HAPPY
1448 1403 1629 1434 MEETING
1634 1405 1641 1434 .

1078 1467 1165 1501 TUNE
1194 1467 1215 1501 "
1229 1467 1337 1501 Happy
1350 1467 1490 1501 Greeting
1504 1467 1532 1501 to
1547 1467 1585 1501 all
1589 1467 1596 1501 .
1599 1467 1612 1501 "
1648 1467 1715 1501 Key
1730 1467 1763 1501 E.
1786 1467 1834 1501 11s
1837 1467 1844 1501 .

1077 1527 1092 1558 1
1112 1527 1193 1558 COME
1197 1527 1202 1558 ,
1215 1527 1352 1560 children
1356 1528 1361 1559 ,
1376 1528 1433 1559 and
1447 1528 1510 1560 join
1523 1529 1552 1560 in
1566 1529 1619 1560 our
1631 1529 1747 1562 festival
1759 1530 1835 1561 song
1837 1530 1843 1561 ,

1111 1558 1176 1592 The
1187 1558 1289 1593 weeks
1303 1559 1362 1593 and
1374 1560 1426 1593 the
1445 1560 1565 1595 months
1579 1562 1629 1595 are
1641 1562 1680 1595 all
1699 1562 1845 1597 speeding

1176 1597 1266 1626 along
1273 1600 1284 1626 ;

1111 1628 1207 1661 We'll
1220 1628 1283 1661 join
1301 1628 1357 1661 our
1374 1628 1442 1661 glad
1462 1628 1560 1661 voices
1574 1628 1603 1661 in
1623 1628 1679 1661 one
1697 1628 1792 1661 hymn
1810 1628 1844 1661 of

1175 1664 1277 1693 praise

1112 1690 1154 1724 To
1173 1690 1237 1724 God
1241 1690 1247 1724 ,
1266 1690 1332 1724 who
1353 1690 1406 1725 has
1430 1691 1504 1725 kept
1526 1691 1560 1725 us
1583 1691 1641 1725 and
1661 1691 1843 1727 lengthened

1175 1730 1232 1759 our
1244 1730 1317 1759 days
1320 1730 1328 1759 .

1397 1795 1514 1818 CHORUS
1518 1795 1526 1818 .

1110 1848 1220 1880 Happy
1231 1848 1365 1880 meeting
1375 1848 1402 1880 to
1415 1848 1453 1880 all
1464 1848 1470 1880 !
1491 1848 1592 1880 happy
1603 1848 1733 1880 meeting
1746 1848 1778 1880 to
1788 1848 1827 1880 all
1835 1848 1843 1880 !

1111 1882 1217 1915 Happy
1228 1882 1360 1915 meeting
1364 1882 1369 1915 ,
1379 1882 1478 1915 happy
1488 1882 1621 1915 meeting
1625 1882 1629 1915 ,
1640 1882 1739 1915 happy
1750 1882 1832 1915 meet-

1173 1919 1224 1950 ing
1236 1916 1266 1945 to
1279 1912 1319 1942 all
1326 1911 1337 1939 !

1075 1994 1092 2025 2
1109 1994 1170 2025 Our
1185 1994 1295 2025 Father
1305 1994 1334 2025 in
1349 1994 1462 2025 heaven
1467 1994 1472 2025 ,
1486 1994 1528 2025 we
1540 1994 1588 2025 lift
1598 1994 1640 2025 up
1653 1994 1683 2025 to
1695 1994 1767 2025 thee

1110 2023 1171 2056 Our
1183 2023 1266 2057 voice
1279 2024 1313 2057 of
1324 2023 1540 2058 thanksgiving
1543 2025 1548 2058 ,
1563 2026 1619 2059 our
1629 2026 1698 2059 glad
1714 2026 1827 2061 jubilee
1834 2027 1842 2060 ;

1109 2059 1156 2090 Oh
1159 2059 1164 2090 ,
1185 2059 1266 2090 bless
1288 2059 1323 2090 us
1343 2059 1398 2090 and
1417 2059 1508 2090 guide
1527 2059 1562 2090 us
1568 2059 1573 2090 ,
1589 2059 1660 2090 dear
1677 2059 1777 2090 Savior
1781 2059 1786 2090 ,
1800 2059 1842 2090 we

1176 2102 1247 2123 pray
1249 2102 1258 2123 ,

1110 2121 1186 2154 That
1198 2122 1272 2155 from
1288 2123 1341 2156 thy
1356 2124 1433 2156 blest
1451 2125 1591 2157 precepts
1610 2127 1651 2158 we
1669 2127 1761 2160 never
1773 2128 1843 2161 may

1175 2161 1253 2190 stray
1257 2162 1265 2189 .

1142 2192 1251 2225 Happy
1264 2191 1397 2224 meeting
1409 2191 1438 2222 to
1451 2190 1492 2221 all
1495 2190 1502 2221 ,
1516 2188 1575 2221 etc.

1075 2269 1092 2301 3
1108 2269 1173 2301 And
1186 2269 1210 2301 if
1209 2269 1214 2301 ,
1230 2269 1279 2301 ere
1292 2269 1352 2301 this
1365 2269 1435 2301 year
1449 2269 1502 2301 has
1517 2269 1615 2301 drawn
1627 2269 1657 2301 to
1671 2269 1687 2301 a
1700 2269 1783 2301 close
1783 2269 1791 2301 ,

1109 2302 1200 2334 Some
1219 2302 1308 2334 loved
1330 2302 1386 2334 one
1409 2302 1519 2334 among
1543 2302 1577 2334 us
1601 2302 1629 2334 in
1653 2302 1739 2334 death
1765 2302 1843 2334 shall

1176 2342 1283 2369 repose
1285 2343 1292 2368 ,

1109 2364 1200 2398 Grant
1204 2365 1209 2397 ,
1225 2365 1302 2399 Lord
1307 2366 1312 2398 ,
1328 2366 1392 2398 that
1412 2367 1461 2399 the
1485 2367 1570 2400 spirit
1589 2368 1617 2400 in
1638 2368 1752 2401 heaven
1773 2369 1842 2401 pray

1176 2403 1263 2428 dwell
1265 2403 1273 2428 ,

1108 2434 1144 2464 In
1163 2434 1215 2464 the
1238 2434 1340 2464 bosom
1362 2434 1393 2464 of
1408 2434 1497 2464 Jesus
1502 2434 1507 2464 ,
1527 2434 1626 2464 where
1649 2434 1686 2464 all
1708 2434 1784 2464 shall
1806 2434 1843 2464 be

1173 2468 1239 2492 well
1241 2469 1248 2491 .

1143 2501 1251 2535 Happy
1263 2499 1396 2533 meeting
1409 2499 1437 2531 to
1450 2499 1489 2531 all
1493 2498 1499 2530 ,
1513 2497 1569 2531 etc.

1074 2575 1092 2608 4
1111 2575 1190 2608 Kind
1205 2575 1341 2610 teachers
1346 2576 1351 2609 ,
1363 2576 1404 2609 we
1418 2576 1554 2611 children
1567 2577 1659 2612 would
1677 2578 1770 2612 thank
1785 2579 1845 2612 yca

1174 2611 1236 2641 this
1249 2612 1308 2643 day
1309 2615 1318 2643 ,

1110 2643 1186 2676 That
1197 2642 1344 2677 faithfully
1348 2643 1352 2676 ,
1367 2644 1472 2677 kindly
1475 2644 1480 2677 ,
1495 2644 1609 2677 you've
1621 2645 1728 2678 taught
1740 2645 1775 2678 us
1787 2645 1843 2678 the

1176 2684 1239 2708 way

1110 2712 1182 2743 How
1196 2712 1237 2742 we
1258 2711 1327 2742 may
1339 2710 1447 2741 escape
1461 2710 1535 2741 from
1550 2710 1601 2740 the
1615 2708 1732 2740 world's
1752 2709 1841 2739 sinful

1174 2745 1296 2771 charms
1300 2749 1308 2771 ,

1107 2776 1172 2809 And
1191 2776 1251 2809 find
1264 2776 1280 2809 a
1293 2776 1352 2809 safe
1365 2776 1468 2809 refuge
1486 2776 1516 2809 in
1536 2776 1590 2809 our
1608 2776 1734 2809 Savior's
1752 2776 1841 2809 loved

1174 2819 1254 2835 arms
1259 2819 1264 2835 .

1142 2843 1251 2878 Happy
1262 2842 1396 2877 meeting
1408 2842 1437 2875 to
1450 2841 1488 2874 all
1493 2841 1499 2874 ,
1513 2839 1570 2874 etc.
