2707 2049
1263 157 1586 213 THEI

411 321 1338 436 GOLDEN
1471 324 2255 435 CROWN
2291 324 2319 435 .

961 544 987 571 A
1016 544 1104 571 NEW
1137 544 1221 571 AND
1254 544 1399 571 CHOICE
1432 544 1684 571 COLLECTION
1716 544 1763 571 OF

581 669 1124 747 HYMNS
1203 669 1518 747 AND
1599 669 2110 747 TUNES
2129 669 2153 747 .

1030 845 1226 881 ORIGINAL
1258 847 1344 882 AND
1375 848 1578 884 SELECTED
1584 850 1592 883 ,
1624 850 1699 885 FOR

512 970 881 1019 SABBATH
912 970 1253 1019 SCHOOLS
1287 970 1452 1019 AND
1486 970 1638 1019 THE
1671 970 1890 1019 HOME
1926 970 2203 1019 CIRCLE
2207 970 2219 1019 .

1050 1123 1125 1172 By
1158 1123 1224 1171 H.
1254 1123 1309 1171 T.
1342 1121 1648 1171 MERRILL
1655 1121 1668 1169 .

916 1341 939 1374 "
943 1341 969 1374 O
986 1341 1067 1374 sing
1083 1341 1168 1374 unto
1184 1341 1239 1374 the
1258 1341 1349 1374 Lord
1366 1341 1388 1374 a
1407 1341 1477 1374 new
1498 1341 1583 1374 song
1585 1341 1602 1374 .
1593 1341 1616 1374 "
1616 1341 1647 1374 -
1652 1341 1691 1374 Ps
1693 1341 1701 1374 .
1711 1341 1744 1374 96
1751 1341 1759 1374 :
1775 1341 1794 1374 1
1791 1341 1800 1374 .

2138 737 2156 762 9

1096 1546 1595 1590 CINCINNATI
1610 1550 1623 1590 :

660 1612 1088 1647 PUBLISHED
1135 1615 1228 1647 BY
1268 1615 1457 1649 JOHN
1501 1616 1792 1650 CHURCH
1843 1618 1881 1650 &
1927 1619 2013 1651 CO
2019 1619 2033 1651 .
2037 1619 2050 1651 ,

1004 1670 1053 1705 66
1074 1670 1220 1707 WEST
1244 1673 1453 1710 FOURTH
1484 1676 1680 1714 STREET
1683 1680 1694 1714 .
