2544 2046
165 198 234 233 118

305 371 339 400 2

299 411 345 450 4

293 485 320 511 1.
338 485 442 512 Come
456 485 522 512 and
539 486 578 512 be
604 486 622 512 a
637 486 808 514 Christian
817 487 825 513 ,
870 486 912 514 Je
947 486 1002 515 sus
1016 487 1097 516 calls
1112 488 1191 517 thee
1205 490 1281 518 now
1291 491 1303 518 ;

291 518 321 546 2.
335 517 438 547 Come
453 519 520 547 and
537 519 575 547 be
605 520 622 548 a
637 520 810 549 Christian
817 521 824 549 ,
872 520 936 545 Ere
971 520 998 545 it
1034 520 1076 545 be
1094 521 1151 546 too
1184 521 1256 546 late
1265 522 1276 547 :

292 550 319 579 3.
339 549 442 580 Come
455 551 523 580 and
539 551 576 580 be
603 551 620 580 a
635 551 806 582 Christian
814 553 820 582 ,
868 553 1004 584 Meekly
1021 554 1100 585 bear
1114 555 1173 584 the
1187 555 1277 586 cross
1279 556 1287 585 ,

290 583 318 610 4.
339 583 442 611 Come
457 584 524 612 and
540 585 578 612 be
606 585 623 612 a
637 585 810 614 Christian
815 587 822 614 ,
871 588 933 620 Fly
947 588 1035 620 from
1052 588 1185 620 Satan's
1202 588 1317 620 power
1320 588 1326 620 ,

243 719 345 767 404

178 938 288 1084 f

262 1082 357 1114 Hear
380 1082 433 1114 his
449 1082 632 1114 wondrous
648 1082 763 1114 mercy
784 1082 853 1114 Tell
891 1082 927 1114 of
943 1082 1013 1114 sins
1046 1082 1094 1114 for
1099 1082 1110 1114 -
1114 1082 1216 1114 given
1222 1082 1228 1114 ,

260 1118 301 1141 Je
367 1116 424 1148 sus
445 1116 519 1148 will
538 1116 600 1148 not
634 1116 764 1148 always
785 1116 809 1148 O
828 1116 840 1148 -
858 1116 924 1148 pen
949 1116 1092 1148 mercy's
1108 1116 1190 1148 door
1197 1116 1207 1148 :

262 1148 313 1180 Ne
361 1148 448 1180 ver-
461 1148 579 1180 fading
594 1148 762 1180 treasures
785 1148 853 1180 Are
883 1148 1038 1180 reserved
1054 1148 1105 1180 for
1135 1148 1182 1180 all

261 1181 357 1213 Then
373 1181 458 1213 with
469 1181 528 1213 joy
542 1182 610 1214 and
624 1182 763 1215 rapture
768 1182 773 1214 ,
786 1183 869 1215 Sing
873 1183 883 1215 -
885 1183 946 1215 ing
980 1183 1019 1215 as
1055 1186 1106 1209 we
1138 1188 1181 1211 go
1184 1190 1192 1211 ,

414 1574 443 1595 To

1053 212 1132 244 BE
1160 212 1195 244 A
1223 212 1549 244 CHRISTIAN
1554 212 1567 244 .

450 1482 600 1513 CHORUS
602 1483 613 1512 .

576 1774 585 1783 P
627 1772 654 1786 AD
686 1771 713 1786 449

1150 1283 1183 1309 SLEE

1216 982 1259 1010 -17

1310 1027 1328 1041 BE

1477 267 1596 300 Words
1616 268 1684 300 and
1705 268 1811 301 Music
1832 270 1873 301 by
1897 270 1937 301 A.
1952 270 1990 302 D.
2005 270 2198 303 FILLMORE
2202 272 2209 303 .

1355 489 1400 520 To
1416 489 1468 520 his
1482 489 1639 520 gracions
1653 489 1767 520 gospel
1773 489 1779 520 ,

1355 522 1426 553 Life
1446 522 1472 553 is
1488 522 1625 553 passing
1640 522 1768 553 swiftly
1774 522 1780 553 ,

1352 555 1417 585 For
1430 555 1489 585 the
1502 555 1579 585 love
1594 555 1630 585 of
1647 555 1777 585 Jesus
1784 555 1790 585 ,

1346 588 1391 620 To
1406 588 1465 620 the
1479 588 1599 620 claims
1614 588 1651 620 of
1660 588 1699 620 Je
1703 588 1712 620 -
1716 588 1770 620 sus
1776 588 1782 620 ,

1414 653 1526 786 #

1824 489 1949 520 Sinner
1955 489 1960 520 ,
1983 489 2128 520 humbly
2144 489 2216 520 bow
2221 489 2231 520 .

1819 522 1989 553 Moments
2006 522 2076 553 will
2089 522 2152 553 not
2165 522 2247 553 wait
2249 522 2257 553 .

1821 555 1931 585 Count
1947 555 1992 585 all
2007 555 2074 585 else
2088 555 2148 585 but
2164 555 2232 585 loss
2235 555 2242 585 .

1820 588 1916 620 Yield
1933 588 2001 620 this
2023 588 2105 620 very
2131 588 2220 620 hour
2224 588 2233 620 .

1630 1286 1657 1303 70

1938 694 1965 710 REFE

1255 1082 1316 1114 Vic
1330 1082 1343 1114 -
1355 1082 1422 1114 t'ry
1468 1081 1487 1110 o
1497 1081 1511 1110 -
1520 1081 1582 1110 ver
1610 1081 1653 1110 Sa
1656 1081 1667 1110 -
1670 1081 1730 1110 tan
1736 1081 1744 1110 ,
1793 1080 1871 1106 And
1910 1083 1929 1106 a
1948 1083 2050 1106 home
2070 1083 2105 1106 in
2127 1083 2262 1106 heaven
2266 1083 2274 1106 .

1254 1114 1366 1146 When
1386 1114 1429 1146 he
1443 1114 1556 1146 comes
1568 1114 1602 1146 in
1612 1114 1795 1146 judgment
1800 1114 1805 1146 ,
1818 1114 1912 1146 Then
1928 1114 2015 1146 he'll
2029 1114 2129 1146 plead
2143 1114 2188 1146 no
2203 1114 2298 1146 more
2299 1114 2307 1146 .

1252 1144 1339 1175 Who
1353 1145 1425 1176 will
1436 1146 1531 1177 come
1545 1147 1578 1176 to
1594 1148 1633 1177 Je
1637 1148 1647 1177 -
1651 1148 1707 1177 sus
1711 1149 1717 1178 ,
1784 1146 1863 1174 And
1912 1148 2032 1178 obey
2066 1146 2119 1176 his
2155 1145 2221 1175 call
2223 1146 2232 1174 .

1253 1176 1315 1208 We
1348 1177 1420 1209 will
1433 1179 1531 1210 haste
1551 1180 1583 1211 to
1602 1181 1656 1213 glo
1668 1182 1679 1212 -
1690 1182 1729 1214 ry
1732 1183 1740 1213 ,
1788 1180 1939 1212 Leaving
1976 1180 2023 1210 all
2057 1179 2098 1209 be
2111 1179 2124 1209 -
2134 1177 2200 1208 low
2204 1178 2214 1208 .

327 1666 351 1699 O
355 1666 363 1699 ,
376 1666 483 1699 won't
495 1666 564 1699 you
579 1666 617 1699 be
630 1666 648 1699 a
663 1666 837 1699 Christian
849 1666 857 1699 !
870 1666 1022 1699 Quickly
1037 1666 1142 1699 make
1156 1666 1242 1699 your
1256 1666 1373 1699 choice
1383 1666 1390 1699 ;
1411 1666 1507 1699 Jesus
1523 1666 1599 1699 now
1615 1666 1642 1699 is
1656 1666 1818 1699 pleading
1824 1666 1830 1699 ,
1844 1666 1936 1699 Hear
1951 1666 2003 1699 his
2019 1666 2180 1699 welcome
2194 1666 2291 1699 voice
2300 1666 2311 1699 !

1848 1810 1858 1819 W
