2093 2647
1614 254 1729 311 F.W.R.
1745 242 1830 295 139

471 386 607 490 !!
640 391 730 484 F

1748 375 1846 461 E

354 504 385 543 1.
412 504 506 543 Thou
516 504 617 543 know
620 504 631 543 -
636 504 688 543 est
701 504 777 543 how
791 504 873 543 each
888 504 979 543 word
991 504 1028 543 of
1039 504 1145 543 Thine
1159 504 1250 543 Hath
1261 504 1392 543 pierc'd
1404 504 1462 543 the
1474 504 1549 543 soul
1560 504 1600 543 be
1604 504 1615 543 -
1620 504 1691 543 fore
1702 504 1792 543 Thee
1800 504 1807 543 ;

353 547 387 585 2.
410 547 506 585 Thou
517 547 616 585 know
621 547 632 585 -
637 547 688 585 est
697 547 792 585 earth
806 547 872 585 was
885 547 987 585 count
991 547 1002 585 -
1006 547 1044 585 ed
1057 547 1150 585 dross
1157 547 1162 585 ,
1173 547 1218 585 As
1234 547 1319 585 heav
1323 547 1333 585 -
1340 547 1413 585 en's
1426 547 1533 585 hopes
1547 547 1637 585 drew
1651 547 1732 585 near
1734 547 1746 585 -
1749 547 1786 585 er
1792 547 1800 585 ;

356 593 385 621 3.
413 593 508 621 Thou
519 593 618 621 know
624 593 635 621 -
640 593 691 621 est
703 593 795 621 what
823 593 843 621 I
886 589 962 629 can-
974 589 1033 629 not
1049 589 1155 629 speak
1158 589 1164 629 ,
1175 589 1236 629 For
1264 589 1355 629 grief
1381 589 1435 629 my
1465 589 1541 629 soul
1579 589 1606 629 is
1653 589 1701 629 fill
1714 589 1724 629 -
1735 589 1793 629 ing
1799 589 1808 629 ;

1552 675 1704 781 12

345 737 447 781 26

1607 1037 1687 1073 dore
1703 1037 1795 1073 Thee
1802 1037 1810 1073 ;

374 1037 470 1073 Thou
486 1037 585 1073 know
590 1037 601 1073 -
606 1037 658 1073 est
674 1037 750 1073 how
770 1037 838 1073 this
871 1037 968 1073 heart
997 1037 1033 1073 of
1053 1037 1139 1073 mine
1161 1037 1279 1073 Would
1292 1037 1323 1073 in
1356 1037 1415 1073 the
1434 1037 1512 1073 dust
1543 1037 1560 1073 a

377 1083 461 1110 That
525 1081 543 1120 I
570 1081 657 1120 have
671 1081 769 1120 meek
777 1081 791 1120 -
802 1081 836 1120 ly
861 1081 966 1120 borne
978 1081 1036 1120 the
1050 1081 1141 1120 cross
1147 1081 1152 1120 ,
1175 1081 1248 1120 Thy
1271 1081 1347 1120 frail
1370 1081 1406 1120 re
1410 1081 1420 1120 -
1426 1081 1507 1120 pent
1509 1081 1520 1120 -
1524 1081 1581 1120 ant
1611 1081 1694 1120 hear
1710 1081 1723 1120 -
1739 1081 1775 1120 er
1783 1081 1793 1120 :

374 1124 470 1163 Thou
485 1124 586 1163 know
591 1124 603 1163 -
606 1124 659 1163 est
673 1124 748 1163 that
778 1124 838 1163 the
869 1124 954 1163 flesh
986 1124 1011 1163 is
1047 1124 1143 1163 weak
1149 1124 1153 1163 ,
1177 1124 1247 1163 The
1271 1124 1403 1163 spirit
1432 1124 1570 1163 truly
1614 1124 1787 1163 willing
1795 1124 1803 1163 ;

297 1200 412 1262 92

608 245 642 288 "
645 245 769 288 Thou
801 245 1011 288 Knowest
1039 245 1138 288 that
1168 245 1190 288 I
1221 245 1336 288 Love
1354 245 1473 288 Thee
1474 245 1489 288 .
1487 245 1515 288 "

375 1547 463 1577 That
525 1548 554 1586 it
590 1548 650 1586 has
668 1548 785 1586 bow'd
798 1548 839 1586 be
843 1548 852 1586 -
858 1548 958 1586 neath
972 1548 1043 1586 Thy
1073 1548 1133 1586 rod
1140 1548 1145 1586 ,
1169 1548 1244 1586 And
1263 1548 1355 1586 owns
1375 1548 1416 1586 no
1433 1548 1522 1586 tho't
1554 1548 1694 1586 above
1706 1548 1797 1586 Thee
1803 1548 1812 1586 ;

376 1592 472 1629 Thou
487 1592 588 1629 know
591 1592 601 1629 -
605 1592 658 1629 est
674 1592 748 1629 that
779 1592 832 1629 my
850 1592 950 1629 home
952 1592 982 1629 -
995 1592 1050 1629 my
1080 1592 1123 1629 all
1129 1592 1135 1629 ,
1160 1592 1236 1629 Was
1282 1592 1341 1629 not
1358 1592 1397 1629 en
1401 1592 1411 1629 -
1415 1592 1554 1629 thron'd
1573 1592 1590 1629 a
1592 1592 1602 1629 -
1609 1592 1695 1629 bove
1706 1592 1797 1629 Thee
1807 1592 1818 1629 :

378 1633 468 1663 That

529 1634 547 1671 I
563 1634 655 1671 wo'd
665 1634 760 1671 tread
773 1634 887 1671 where
900 1634 992 1671 Thou
1005 1634 1080 1671 hast
1091 1634 1164 1671 trod
1170 1634 1175 1671 ,
1183 1634 1252 1671 Tho
1258 1634 1266 1671 '
1292 1634 1331 1671 ru
1378 1634 1411 1671 in
1427 1634 1535 1671 frown
1555 1634 1696 1671 above
1705 1634 1797 1671 Thee
1804 1634 1814 1671 ;

642 1718 807 1849 #

424 1949 554 2052 #
624 1964 721 2037 E

1239 1941 1497 2052 LEE

379 2082 475 2123 Thou
491 2082 592 2123 know
594 2082 606 2123 -
611 2082 664 2123 est
693 2082 738 2123 all
754 2082 866 2123 things
873 2082 879 2123 ,
902 2082 927 2123 O
933 2082 939 2123 ,
977 2082 1031 2123 my
1064 2082 1136 2123 God
1142 2082 1147 2123 ,
1169 2082 1265 2123 Thou
1282 2082 1381 2123 know
1386 2082 1396 2123 -
1403 2082 1454 2123 est
1469 2082 1543 2123 that
1566 2082 1582 2123 I
1606 2082 1685 2123 love
1707 2082 1799 2123 Thee
1802 2082 1809 2123 .

381 2125 468 2153 That
532 2124 550 2163 I
572 2124 659 2163 have
672 2124 777 2163 heark
781 2124 791 2163 -
795 2124 876 2163 en'd
905 2124 936 2163 to
962 2124 1034 2163 Thy
1066 2124 1130 2163 call
1140 2124 1146 2163 ;
1170 2124 1265 2163 Thou
1283 2124 1382 2163 know
1386 2124 1396 2163 -
1403 2124 1454 2163 est
1471 2124 1545 2163 that
1567 2124 1582 2163 I
1605 2124 1684 2163 love
1707 2124 1800 2163 Thee
1804 2124 1812 2163 .

379 2168 475 2206 Thou
492 2168 589 2206 know
611 2168 664 2206 est
694 2168 738 2206 all
755 2168 868 2206 things
875 2168 880 2206 ,
898 2168 961 2206 Sav
967 2168 977 2206 -
980 2168 1029 2206 ior
1036 2168 1041 2206 ,
1066 2168 1138 2206 God
1145 2168 1150 2206 ,
1172 2168 1267 2206 Thou
1283 2168 1384 2206 know
1389 2168 1398 2206 -
1405 2168 1456 2206 est
1471 2168 1545 2206 that
1569 2168 1584 2206 I
1607 2168 1685 2206 love
1710 2168 1799 2206 Thee
1804 2168 1813 2206 .

1542 2264 1628 2368 $
1571 2261 1681 2366 1

1768 2264 1834 2360 D

372 2271 409 2314 b

451 2292 474 2312 2

1349 1652 1359 1657 BO
