1529 2255
596 202 749 230 SUNDAY
750 204 762 230 -
764 203 907 231 SCHOOL
930 204 1065 232 HYMNS
1068 206 1076 232 .

402 283 487 325 СHо
486 283 499 325 .
543 283 688 325 Though
705 283 754 325 we
770 283 853 325 very
869 283 957 325 often
975 283 1112 325 wander

588 328 631 367 In
647 328 705 367 the
721 328 805 367 path
821 329 860 368 of
871 329 947 368 vice
962 329 1028 368 and
1046 329 1099 369 sin
1102 330 1109 369 ,

547 371 614 412 Yet
628 371 677 412 we
693 371 779 412 pray
795 371 871 412 that
885 371 967 412 thou
985 371 1130 412 wouldst
1141 371 1226 412 hear
1239 371 1280 412 us
1282 371 1292 412 ,

587 410 730 455 Cleanse
744 412 813 456 and
829 412 931 457 make
946 414 983 457 us
1000 414 1085 459 pure
1102 415 1220 459 within
1221 416 1230 459 .

455 488 488 531 2.
511 487 617 532 Make
632 489 715 533 each
731 489 831 534 spirit
847 490 945 535 meek
961 492 1027 536 and
1043 492 1148 537 lowly
1148 493 1159 536 ,

499 528 605 572 Make
619 530 658 572 us
673 530 772 574 leave
785 532 844 575 the
860 533 949 576 ways
966 534 1005 577 of
1014 535 1110 578 strife
1110 536 1117 578 ,

454 574 550 614 Lead
565 576 604 616 us
619 577 657 616 in
672 577 734 617 the
747 579 830 618 path
846 580 887 620 of
896 581 980 620 duty
982 582 991 620 ,

499 621 593 653 Lead
609 621 648 652 us
664 621 698 653 to
714 622 773 653 the
788 622 894 655 better
909 623 971 654 life
971 623 980 654 .

320 951 445 1015 113

401 663 484 701 CHO
485 663 498 700 .
494 663 527 700 -
538 663 633 702 Thus
649 664 730 703 we'd
751 665 846 703 serve
861 666 939 704 thee
943 666 949 703 ,
966 666 1095 705 blessed
1113 667 1261 706 Saviour
1262 669 1270 706 ,

582 700 658 737 Till
669 702 775 739 we've
788 704 911 742 cross'd
928 707 1012 745 life's
1029 709 1157 747 stormy
1172 712 1230 748 sea
1228 713 1239 748 ,

542 752 621 790 And
625 752 631 790 ,
650 752 731 790 with
748 752 830 791 each
848 753 948 791 loved
965 753 1074 793 friend
1093 754 1158 792 and
1176 754 1311 794 teacher
1313 755 1322 793 ,

584 795 648 836 All
663 795 720 836 are
735 795 889 836 gather'd
906 795 1008 836 home
1021 795 1057 836 to
1073 795 1151 836 thee
1152 795 1160 836 .

466 938 500 970 G.
513 938 608 970 Chain
622 938 671 970 121
677 938 684 970 ,
698 938 730 970 or
744 938 771 970 S.
786 938 812 970 S.
828 938 894 970 Bell
899 938 906 970 ,
918 938 968 970 No.
979 938 1083 970 1-119
1086 938 1092 970 ,
1106 938 1133 970 S.
1148 938 1175 970 S.
1189 938 1248 970 Hos
1251 938 1259 970 .
1270 938 1324 970 121
1325 938 1337 970 .

515 993 532 1023 I
551 993 682 1023 OUGHT
702 993 749 1023 TO
770 993 871 1023 LOVE
891 993 950 1023 MY
971 993 1133 1023 MOTHER
1136 993 1143 1023 .

451 1048 482 1087 1.
507 1048 525 1087 I
543 1048 673 1087 OUGHT
686 1048 720 1087 to
737 1048 814 1087 love
831 1048 887 1087 my
905 1048 1040 1087 mother
1049 1048 1058 1087 :

494 1085 565 1124 She
578 1088 680 1127 loved
697 1090 752 1128 me
766 1092 850 1131 long
865 1094 928 1133 ago
937 1097 948 1133 ;

452 1135 562 1166 There
578 1135 605 1166 is
623 1135 666 1166 on
685 1135 778 1167 earth
799 1136 841 1167 no
858 1136 957 1167 other

494 1175 584 1209 That
600 1176 678 1210 ever
694 1178 793 1212 loved
812 1180 866 1213 me
882 1180 918 1213 so
922 1181 930 1213 .

452 1221 564 1259 When
583 1221 602 1259 a
617 1221 712 1259 weak
729 1221 812 1259 babe
814 1221 820 1259 ,
840 1221 942 1259 much
958 1221 1038 1259 trial

491 1256 512 1297 I
529 1256 652 1300 caused
666 1259 730 1301 her
730 1260 738 1301 ,
756 1260 823 1303 and
840 1262 941 1306 much
960 1264 1038 1307 care
1045 1266 1058 1307 ;

449 1309 517 1340 For
534 1309 587 1339 me
605 1309 646 1339 no
664 1308 733 1338 self
727 1308 739 1338 -
743 1307 859 1338 denial

493 1344 568 1384 Nor
583 1347 680 1388 labor
694 1351 754 1390 did
769 1353 832 1393 she
846 1355 946 1396 spare
947 1359 954 1396 .

446 1425 484 1465 2.
506 1425 621 1467 When
635 1426 672 1467 in
690 1427 748 1468 my
764 1427 879 1469 cradle
894 1429 993 1470 lying
995 1430 1004 1470 ,

492 1469 545 1509 Or
558 1469 601 1510 on
620 1470 681 1510 her
695 1471 815 1512 loving
829 1472 941 1513 breast
943 1474 950 1513 ,

448 1510 519 1556 She
531 1512 648 1558 gently
665 1514 789 1560 hush'd
805 1516 863 1561 my
880 1517 1005 1564 crying
1004 1519 1013 1563 ,

493 1555 574 1591 And
591 1556 706 1593 rock'd
725 1558 786 1594 her
803 1560 886 1595 babe
902 1561 935 1596 to
952 1562 1018 1597 rest
1028 1563 1038 1597 ;

450 1600 562 1641 When
579 1601 648 1641 any
661 1601 760 1642 thing
778 1603 837 1642 has
855 1603 936 1643 ail'd
954 1604 1008 1643 me
1009 1604 1017 1643 ,

491 1642 542 1683 To
559 1642 621 1684 her
636 1644 654 1684 I
670 1644 744 1685 told
758 1645 817 1686 my
832 1646 926 1688 grief
929 1648 941 1688 :

450 1688 525 1723 Her
540 1688 620 1724 fond
637 1689 715 1724 love
732 1689 833 1725 never
849 1690 944 1726 fail'd
963 1692 1018 1726 me

491 1735 534 1772 In
551 1734 682 1772 finding
697 1733 791 1770 some
805 1732 908 1770 relief
904 1733 913 1769 .

1294 201 1337 233 93

446 1804 482 1846 3.
502 1804 610 1848 What
624 1806 716 1849 sight
729 1807 758 1850 is
775 1808 849 1851 that
864 1809 976 1854 which
980 1811 987 1853 ,
1004 1811 1089 1855 near
1103 1812 1160 1856 me
1160 1813 1169 1855 ,

491 1848 613 1891 Makes
628 1851 732 1894 home
747 1853 767 1893 a
782 1854 900 1896 happy
915 1856 1015 1899 place
1015 1858 1023 1898 ,

448 1897 529 1935 And
545 1897 605 1935 has
622 1898 705 1936 such
722 1898 835 1938 power
852 1899 883 1937 to
902 1899 1003 1939 cheer
1018 1900 1073 1938 me
1083 1900 1100 1938 ?-

490 1943 513 1983 I
538 1942 568 1982 is
583 1940 643 1981 my
659 1938 817 1981 mother's
834 1936 907 1978 face
907 1937 918 1977 .
