2434 3635
548 274 837 331 National
846 276 859 330 .
930 276 1153 332 Prayer
1199 279 1295 334 for
1346 280 1438 335 the
1492 280 1782 337 Republic
1789 282 1801 336 .

1215 376 1345 449 737
1336 384 1363 449 .

1591 420 1725 443 National
1729 420 1737 443 .

1188 457 1227 506 1.
1240 457 1275 506 O
1298 457 1389 508 GOD
1395 459 1402 508 ,
1422 458 1589 510 beneath
1608 461 1680 511 thy
1697 461 1860 513 guiding
1877 463 1983 514 hand
1985 465 1996 514 ,

1240 508 1324 551 Our
1343 510 1467 554 exiled
1488 512 1631 556 fathers
1653 515 1800 559 crossed
1819 518 1888 560 the
1906 519 1969 562 sea
1982 521 1995 562 ;

1241 564 1335 612 And
1354 565 1463 613 when
1481 566 1581 614 they
1599 567 1681 615 trod
1705 568 1767 614 the
1788 568 1926 616 wintry
1943 569 2072 617 strand
2079 571 2090 617 ,

1242 615 1350 667 With
1370 616 1507 668 prayer
1525 618 1600 669 and
1621 618 1738 670 psalm
1767 619 1860 671 they
1889 620 2101 673 worshiped

1346 677 1434 710 thee
1439 677 1447 709 .

292 385 406 444 736
406 388 423 444 .

693 419 828 443 National
829 419 835 443 .

255 462 293 499 1.
308 462 457 499 GREAT
479 462 561 499 God
585 462 628 499 of
653 462 801 499 nations
817 462 826 499 !
855 462 934 499 now
957 462 996 499 to
1016 462 1107 499 thee

306 514 392 561 Our
411 514 528 561 hymn
548 514 596 561 of
617 514 814 561 gratitude
835 514 887 561 we
910 514 1006 561 raise
1018 514 1030 561 ;

306 562 418 610 With
434 563 589 611 humble
604 565 712 613 heart
720 566 726 612 ,
744 566 824 614 and
846 567 1017 616 bending
1036 569 1132 617 knee
1136 570 1145 616 ,

307 615 379 663 We
397 616 493 664 offer
508 618 600 665 thee
619 619 688 667 our
708 620 802 668 song
820 622 864 670 of
887 623 1010 672 praise
1013 625 1022 671 .

251 701 292 750 2.
308 701 395 749 Thy
413 699 524 749 name
545 700 600 748 we
620 698 717 748 bless
724 699 731 747 ,
755 697 961 747 Almighty
979 697 1062 746 God
1080 697 1092 745 !

308 750 379 792 For
403 750 452 792 all
471 751 538 793 the
558 751 738 794 kindness
761 752 853 795 thou
876 753 960 796 hast
979 754 1110 797 shown
1117 756 1128 797 ,

307 803 360 848 To
380 803 458 850 this
479 804 553 850 fair
573 805 659 851 land
682 806 747 852 the
766 806 945 854 Pilgrims
968 808 1051 855 trod
1055 809 1065 854 ,-

305 856 399 904 This
420 857 509 905 land
531 858 583 905 we
604 858 737 906 fondly
758 860 827 908 call
857 861 924 908 our
944 862 1025 909 own
1028 862 1039 908 .

293 1562 329 1592 D
322 1561 348 1591 #

1066 830 1077 833 -

252 936 289 984 3.
306 935 411 983 Here
416 936 425 983 ,
446 934 613 983 freedom
634 933 790 982 spreads
814 934 882 981 her
900 932 1044 981 banner
1061 932 1156 980 wide
1160 932 1168 979 ,

306 984 399 1030 And
419 985 515 1031 casts
538 986 607 1032 her
626 987 700 1033 soft
721 988 795 1033 and
819 988 1004 1035 hallowed
1025 990 1093 1036 ray
1107 991 1118 1035 ;-

307 1038 413 1095 Here
415 1038 426 1093 ,
471 1036 566 1093 thou
609 1035 680 1092 our
721 1033 867 1091 fathers
871 1034 882 1089 '
925 1032 1027 1088 steps
1070 1030 1171 1087 didst
1187 1030 1213 1085 3
1215 1030 1223 1085 .

410 1094 529 1142 guide

304 1143 352 1194 In
374 1143 494 1195 safety
498 1144 506 1195 ,
526 1143 697 1196 through
720 1145 823 1197 their
842 1145 1058 1198 dangerous
1076 1147 1160 1200 way
1162 1148 1172 1199 .

246 1214 290 1261 4.
305 1214 379 1261 We
396 1214 521 1261 praise
538 1214 626 1261 thee
633 1214 639 1261 ,
660 1214 745 1261 that
766 1214 831 1261 the
858 1214 1021 1261 gospel's
1042 1214 1140 1261 light
1143 1214 1152 1261 ,

302 1265 490 1313 Through
535 1265 589 1313 all
629 1265 697 1313 our
744 1265 833 1313 land
839 1265 847 1313 ,
889 1265 936 1313 its
976 1265 1152 1313 radiance

408 1320 521 1364 sheds
528 1323 542 1364 ;

304 1372 455 1420 Dispels
474 1372 542 1420 the
557 1372 693 1420 shades
716 1372 758 1420 of
782 1372 916 1420 error's
938 1372 1053 1420 night
1057 1372 1066 1420 ,

305 1423 397 1476 And
412 1423 598 1476 heavenly
613 1423 795 1476 blessings
808 1423 934 1476 round
945 1423 987 1476 us
1001 1423 1155 1476 spreads
1161 1423 1172 1476 .

411 1518 508 1547 OLD
541 1518 861 1547 HUNDREDTH
866 1518 877 1547 ,
945 1520 986 1545 L.
1007 1520 1057 1545 M.

1187 732 1227 785 2.
1240 732 1352 787 Thou
1385 734 1553 790 heard'st
1557 737 1563 789 ,
1599 737 1684 791 well
1685 739 1698 791 -
1699 739 1850 794 pleased
1854 742 1861 794 ,
1893 742 1963 796 the
1990 744 2089 798 song
2089 745 2098 797 ,

1341 794 1412 840 the
1428 800 1569 849 prayer
1577 809 1589 850 ;

1240 845 1327 893 Thy
1345 845 1512 894 blessing
1529 846 1633 895 came
1645 846 1654 894 ;
1683 847 1757 895 and
1779 847 1856 895 still
1875 848 1921 896 its
1951 847 2077 897 power

1242 898 1351 946 Shall
1367 899 1519 947 onward
1540 900 1708 948 through
1730 901 1780 948 all
1800 902 1886 949 ages
1907 902 1999 950 bear

1240 955 1321 1007 The
1342 953 1511 1006 memory
1530 952 1577 1003 of
1596 951 1683 1003 that
1702 950 1793 1001 holy
1812 948 1914 1000 hour
1916 948 1928 998 .

1241 1028 1348 1085 Laws
1352 1029 1360 1084 ,
1383 1026 1552 1084 freedom
1555 1027 1564 1082 ,
1584 1025 1692 1082 truth
1698 1025 1706 1080 ,
1722 1024 1798 1080 and
1816 1022 1914 1079 faith
1933 1022 1973 1078 in
1999 1021 2083 1077 God

1239 1077 1354 1118 Came
1374 1079 1467 1119 with
1484 1080 1594 1120 those
1614 1082 1731 1123 exiles
1754 1084 1830 1124 o'er
1850 1085 1916 1125 the
1938 1087 2060 1127 waves
2070 1089 2085 1127 ;

1241 1134 1333 1185 And
1351 1134 1478 1186 where
1495 1135 1600 1187 their
1620 1136 1774 1188 pilgrim
1794 1137 1871 1189 feet
1892 1138 1991 1189 have
2005 1139 2089 1190 trod
2094 1140 2105 1190 ,

1240 1182 1324 1233 The
1335 1183 1419 1234 God
1435 1184 1526 1235 they
1534 1186 1682 1237 trusted
1692 1187 1831 1239 guards
1841 1189 1947 1239 their
1955 1190 2091 1242 graves
2093 1192 2106 1241 .

1188 1265 1225 1313 4.
1243 1265 1333 1313 And
1355 1265 1446 1313 here
1467 1265 1535 1313 thy
1552 1265 1660 1313 name
1667 1265 1674 1313 ,
1699 1265 1731 1313 O
1754 1265 1838 1313 God
1856 1265 1903 1313 of
1923 1265 2010 1313 love
2014 1265 2025 1313 ,

1241 1314 1357 1358 Their
1379 1315 1581 1360 children's
1603 1318 1775 1363 children
1798 1320 1896 1364 shall
1922 1321 2038 1365 adore
2042 1323 2051 1365 ,

1242 1362 1319 1407 Till
1333 1365 1440 1410 these
1458 1368 1603 1414 eternal
1624 1372 1711 1417 hills
1731 1375 1883 1422 remove
1885 1379 1893 1421 ,

1241 1423 1334 1476 And
1353 1423 1487 1476 spring
1505 1423 1641 1476 adorns
1663 1423 1728 1476 the
1750 1423 1859 1476 earth
1879 1423 1928 1476 no
1947 1423 2051 1476 more
2052 1423 2063 1476 .

1451 1695 1597 1794 fe

2015 284 2103 323 235

1861 1723 1904 1800 IN

326 1706 879 1804 532

285 1852 401 1911 738
404 1854 424 1910 .

626 1884 830 1916 Thanksgiving
831 1886 840 1916 .

253 1932 290 1979 1.
306 1932 513 1983 ETERNAL
529 1936 662 1985 source
682 1939 724 1987 of
749 1940 863 1989 every
885 1943 954 1990 joy
953 1944 964 1990 ,

305 1994 408 2042 Well
424 1994 510 2042 may
529 1994 601 2042 thy
617 1994 743 2042 praise
758 1994 826 2042 our
849 1994 919 2042 lips
940 1994 1091 2042 employ
1093 1994 1105 2042 ,

304 2039 432 2089 While
453 2043 491 2091 in
511 2044 584 2093 thy
603 2047 742 2098 temple
762 2051 816 2099 we
835 2053 978 2104 appear
979 2057 988 2103 ,

309 2099 364 2142 To
385 2099 462 2142 hail
481 2099 569 2143 thee
573 2100 581 2143 ,
603 2099 812 2144 Sovereign
843 2101 885 2144 of
909 2101 977 2145 the
1099 2103 1115 2131 !

993 2113 1086 2149 year

249 2166 292 2207 2.
307 2165 419 2208 Wide
440 2167 479 2208 as
499 2167 567 2208 the
591 2167 729 2210 wheels
750 2169 792 2210 of
816 2169 953 2212 nature
979 2170 1051 2212 roll
1053 2171 1062 2212 ,

305 2221 393 2269 Thy
408 2221 510 2269 hand
527 2221 701 2269 supports
716 2221 789 2269 and
805 2221 939 2269 guides
954 2221 1023 2269 the
1033 2221 1153 2269 whole
1157 2221 1166 2269 ,

305 2278 390 2323 The
408 2278 480 2323 sun
499 2278 529 2323 is
551 2278 689 2323 taught
709 2278 758 2323 by
778 2278 867 2323 thee
890 2278 928 2323 to
946 2278 1023 2323 rise
1023 2278 1034 2323 ,

304 2329 396 2366 And
417 2329 602 2366 darkness
625 2329 731 2366 when
756 2329 789 2366 to
814 2329 892 2366 vail
908 2329 976 2366 the
995 2329 1099 2366 skies
1105 2329 1117 2366 .

251 2394 292 2443 3.
306 2394 387 2444 The
408 2395 562 2445 flowery
579 2396 714 2447 spring
735 2398 772 2447 at
794 2399 863 2449 thy
884 2399 1082 2451 command
1087 2401 1097 2450 ,

307 2449 501 2494 Perfumes
523 2451 589 2494 the
612 2452 665 2495 air
671 2452 678 2495 ,
701 2452 837 2497 adorns
860 2453 926 2497 the
948 2454 1037 2498 land
1050 2455 1061 2498 ;

307 2506 388 2554 The
405 2506 571 2554 summer
591 2506 675 2554 rays
698 2506 790 2554 with
812 2506 920 2554 vigor
940 2506 1050 2554 shine
1053 2506 1062 2554 ,

305 2560 362 2603 To
380 2560 476 2603 raise
493 2560 562 2603 the
583 2560 675 2603 corn
682 2560 688 2603 ,
712 2560 747 2603 to
768 2560 881 2603 cheer
901 2560 968 2603 the
987 2560 1076 2603 vine
1079 2560 1087 2603 .

246 2620 292 2672 4.
304 2620 391 2673 Thy
410 2621 515 2674 hand
519 2623 527 2674 ,
546 2623 586 2676 in
607 2624 764 2678 autumn
772 2627 779 2678 ,
801 2627 924 2680 richly
944 2628 1057 2681 pours
1062 2630 1073 2681 ,

306 2680 489 2727 Through
502 2680 556 2727 all
569 2680 638 2727 our
655 2680 775 2727 coasts
791 2680 1011 2727 redundant
1027 2680 1143 2727 stores
1158 2680 1166 2727 :

305 2728 399 2779 And
416 2730 570 2781 winters
573 2732 583 2781 ,
601 2732 776 2784 softened
797 2735 847 2785 by
866 2735 938 2786 thy
958 2737 1048 2787 care
1049 2738 1059 2787 ,

305 2786 366 2822 No
386 2786 488 2823 more
510 2787 577 2823 the
597 2787 676 2824 face
699 2788 739 2824 of
765 2788 899 2826 horror
921 2789 1020 2827 wear
1024 2790 1034 2826 .

249 2848 291 2897 5.
307 2848 467 2900 Seasons
480 2850 557 2900 and
567 2851 717 2903 months
725 2853 732 2902 ,
745 2853 820 2904 and
835 2854 958 2905 weeks
964 2856 972 2905 ,
975 2856 1050 2906 and
1061 2857 1153 2907 days
1159 2858 1168 2907 ,

306 2901 481 2953 Demand
501 2904 715 2956 successive
737 2907 850 2958 songs
866 2910 911 2959 of
933 2910 1061 2961 praise
1076 2913 1088 2961 ;

306 2955 400 3004 And
418 2957 462 3005 be
482 2958 551 3006 the
568 2959 737 3009 grateful
754 2963 913 3012 homage
933 2965 1021 3013 paid
1024 2967 1037 3013 ,

305 3017 420 3066 With
439 3017 617 3066 morning
637 3017 738 3066 light
758 3017 834 3066 and
854 3017 1019 3066 evening
1038 3017 1155 3066 shade
1158 3017 1167 3066 .

253 3083 292 3129 6.
310 3082 413 3130 Here
433 3084 471 3130 in
493 3084 564 3132 thy
582 3085 705 3133 house
726 3086 776 3132 let
797 3086 955 3134 incense
972 3088 1052 3136 rise
1054 3089 1064 3135 ,

1183 2599 1220 2647 4.
1237 2599 1351 2647 Upon
1372 2599 1441 2647 our
1474 2599 1623 2647 Judges
1647 2599 1700 2647 let
1722 2599 1788 2647 the
1809 2599 1888 2647 seal

1288 2648 1349 2700 Of
1367 2649 1440 2701 thy
1460 2651 1591 2703 divine
1636 2653 1838 2707 anointing
1852 2657 1904 2708 be
1904 2657 1920 2707 ,-

1236 2699 1321 2746 The
1338 2701 1495 2748 wisdom
1515 2703 1611 2750 calm
1618 2705 1626 2750 ,
1646 2705 1711 2752 the
1732 2706 1932 2755 righteous
1949 2710 2031 2756 zeal
2032 2711 2044 2756 ,

1288 2754 1373 2798 The
1393 2756 1503 2801 robes
1523 2758 1568 2802 of
1590 2759 1701 2804 truth
1716 2761 1790 2805 and
1811 2763 1944 2808 equity
1946 2765 1959 2807 .

1185 2822 1223 2870 5.
1242 2822 1325 2870 God
1356 2822 1399 2870 of
1424 2823 1494 2871 our
1515 2823 1658 2873 fathers
1666 2824 1671 2872 ,
1695 2824 1749 2872 let
1770 2824 1839 2873 thy
1857 2825 1941 2873 face

1288 2872 1448 2922 Toward
1466 2874 1534 2923 the
1555 2875 1744 2925 Republic
1764 2878 1851 2926 ever
1869 2879 1916 2928 be
1928 2880 1940 2927 !

1238 2927 1470 2979 Encompass
1491 2930 1523 2979 it
1542 2930 1635 2980 with
1658 2931 1832 2981 strength
1855 2933 1930 2983 and
1951 2933 2062 2984 grace
2065 2934 2074 2983 ,

1288 2979 1383 3024 And
1401 2981 1473 3025 law
1495 2982 1666 3028 combine
1687 2984 1779 3029 with
1798 2986 1934 3032 liberty
1936 2988 1950 3031 .

1574 3049 1728 3087 Doxology
1727 3053 1737 3087 .

307 3140 400 3191 And
419 3140 582 3191 circling
600 3140 792 3191 Sabbaths
820 3140 919 3191 bless
942 3140 1011 3191 our
1044 3140 1127 3191 eyes
1134 3140 1141 3191 ,

307 3183 386 3232 Till
402 3185 439 3233 to
459 3186 570 3235 those
586 3189 686 3237 lofty
707 3191 861 3241 heights
883 3195 936 3242 we
965 3196 1051 3245 soar
1052 3198 1062 3244 ,

308 3248 454 3301 Where
471 3248 562 3301 days
581 3248 659 3301 and
679 3248 789 3301 years
812 3248 964 3301 revolve
984 3248 1033 3301 no
1054 3248 1155 3301 more
1159 3248 1167 3301 .
1187 3248 1319 3301 Praise
1341 3248 1483 3301 Father
1489 3248 1495 3301 ,
1517 3248 1593 3301 Son
1599 3248 1605 3301 ,
1627 3248 1700 3301 and
1723 3248 1826 3301 Holy
1844 3248 1970 3301 Ghost
1979 3248 1992 3301 !

1187 3087 1348 3135 PRAISE
1366 3089 1448 3135 God
1454 3089 1460 3135 ,
1475 3089 1572 3137 from
1592 3090 1712 3137 whom
1729 3091 1778 3137 all
1790 3091 1972 3138 blessings
1990 3092 2067 3138 flow
2085 3093 2097 3139 !

1188 3140 1317 3191 Praise
1336 3140 1416 3191 him
1421 3140 1429 3191 ,
1449 3140 1501 3191 all
1520 3140 1706 3191 creatures
1726 3140 1818 3191 here
1837 3140 1951 3191 below
1968 3140 1975 3191 !

1188 3193 1319 3246 Praise
1340 3194 1420 3246 him
1440 3194 1560 3247 above
1564 3196 1570 3247 ,
1591 3196 1636 3247 ye
1659 3196 1843 3248 heavenly
1866 3197 1951 3249 host
1963 3198 1974 3249 !

1918 1753 1961 1816 NE

1970 1716 2014 1793 Lou

1215 1852 1333 1914 739
1334 1858 1353 1915 .

1453 1883 1561 1917 Prayer
1576 1884 1623 1917 for
1635 1885 1678 1917 the
1696 1885 1829 1918 Republic
1828 1886 1836 1918 .

1185 1929 1221 1975 1.
1236 1929 1328 1975 GOD
1343 1929 1386 1975 of
1409 1930 1476 1976 our
1498 1929 1641 1977 fathers
1646 1931 1651 1977 ,
1674 1931 1726 1977 let
1745 1931 1816 1977 thy
1834 1932 1917 1978 face

1288 1977 1448 2024 Toward
1467 1979 1531 2026 the
1561 1980 1746 2027 Republic
1769 1982 1857 2028 ever
1877 1983 1922 2028 be
1936 1984 1946 2029 !

1237 2031 1469 2082 Encompass
1491 2034 1521 2082 it
1540 2034 1633 2083 with
1650 2036 1828 2086 strength
1847 2038 1925 2087 and
1942 2039 2057 2088 grace
2058 2041 2068 2088 ,

1288 2084 1383 2130 And
1398 2086 1467 2131 law
1489 2086 1663 2133 combine
1684 2089 1776 2135 with
1797 2090 1936 2137 liberty
1939 2092 1952 2136 .

1182 2149 1223 2192 2.
1239 2149 1343 2193 Unto
1366 2150 1434 2195 our
1454 2151 1662 2196 President
1680 2153 1821 2197 impart

1289 2204 1516 2253 Sustaining
1538 2204 1639 2253 trust
1644 2204 1650 2253 ,
1672 2204 1893 2253 discerning
1909 2204 2015 2253 sight
2019 2204 2028 2253 ,

1236 2257 1316 2305 The
1337 2257 1498 2306 homage
1519 2259 1562 2306 of
1586 2259 1652 2306 the
1674 2259 1773 2308 loyal
1792 2260 1902 2309 heart
1905 2262 1914 2309 ,

1289 2306 1372 2357 The
1390 2307 1579 2359 steadfast
1598 2309 1763 2359 courage
1788 2311 1847 2360 for
1867 2311 1932 2362 the
1954 2312 2061 2363 right
2063 2313 2071 2362 .

1183 2376 1220 2423 3.
1238 2376 1390 2423 Within
1412 2376 1479 2423 our
1502 2376 1687 2423 Congress
1705 2376 1758 2423 let
1778 2376 1842 2423 the
1861 2376 1931 2423 fire

1286 2426 1349 2475 Of
1367 2426 1546 2477 patriotic
1559 2428 1646 2478 love
1673 2430 1784 2479 abide
1797 2431 1811 2479 ;

1235 2475 1293 2524 Its
1311 2476 1484 2526 counsels
1503 2479 1589 2528 lead
1596 2480 1603 2527 ,
1626 2481 1676 2529 its
1696 2481 1776 2530 acts
1797 2483 1943 2533 inspire
1945 2485 1955 2532 ,

1289 2529 1383 2579 And
1408 2531 1448 2580 in
1469 2532 1538 2581 the
1555 2533 1718 2584 nation's
1741 2536 1835 2585 halls
1856 2537 2005 2588 preside
2007 2540 2017 2588 .

2081 1729 2090 1743 THE
2081 1745 2090 1791 THEMEN
