2099 2928
301 189 387 228 156

302 311 470 353 HOUR
496 311 566 353 OF
596 311 831 353 PRAYER
839 311 846 353 .
872 311 891 353 8
894 311 903 353 ,
921 311 941 353 8
945 311 952 353 ,
970 311 992 353 8
994 311 1001 353 ,
1018 311 1039 353 4
1043 311 1050 353 ,
1068 311 1106 353 or
1123 311 1144 353 8
1146 311 1152 353 ,
1171 311 1192 353 8
1194 311 1201 353 ,
1218 311 1240 353 8
1241 311 1247 353 ,
1267 311 1298 353 6.
1321 311 1338 353 (
1340 311 1427 353 New
1429 311 1438 353 .
1441 311 1456 353 )

422 541 447 572 1.
468 539 518 571 My
538 538 595 570 God
605 539 613 569 !
636 538 664 568 is

393 695 420 723 -b
421 695 445 723 -
445 696 511 725 4-2

383 837 409 870 b

355 1079 380 1113 9
369 1081 396 1115 -
380 1082 408 1116 b
405 1086 430 1120 -
417 1087 442 1121 b

360 1113 391 1144 26
389 1116 405 1145 -
402 1116 423 1145 b

706 549 743 564 an

769 555 779 559 -

830 186 956 219 THE
989 186 1255 219 CHURCH
1267 186 1280 219 :

796 550 817 570 y

868 539 943 563 hour
962 539 992 563 so
1018 539 1104 563 sweet
1119 540 1205 564 From
1220 540 1304 564 blush
1321 540 1351 565 of
1362 541 1445 565 morn
1459 541 1490 565 to

475 980 513 1005 As
549 980 616 1005 that
635 980 726 1006 which
749 981 819 1006 calls
844 981 891 1006 me
939 982 971 1003 to

1021 980 1075 1010 thy
1109 979 1165 1008 feet
1166 979 1190 1007 -
1201 977 1260 1007 The
1322 983 1400 1003 hour

302 1239 404 1277 431

530 1242 586 1270 The
596 1244 664 1273 hour
676 1246 707 1274 of
718 1247 819 1277 prayer
822 1250 831 1276 .

305 1298 325 1335 2
351 1298 445 1336 Blest
459 1298 487 1336 is
502 1299 561 1336 the
575 1299 725 1338 tranquil
742 1300 826 1339 hour
841 1301 879 1338 of
890 1301 987 1340 morn
990 1302 996 1339 ,

349 1346 428 1381 And
445 1346 530 1381 blest
546 1346 620 1381 that
636 1346 721 1381 hour
739 1346 775 1381 of
787 1346 915 1381 solemn
932 1346 992 1381 eve
994 1346 1000 1381 ,

306 1390 414 1432 When
419 1390 426 1432 ,
445 1390 487 1432 on
504 1390 561 1432 the
580 1390 688 1432 wings
705 1390 742 1432 of
759 1390 845 1432 prayer
861 1390 904 1432 up
907 1390 919 1432 -
921 1390 1025 1432 borne
1026 1390 1032 1432 ,

394 1435 462 1465 The
480 1433 584 1464 world
602 1434 616 1463 I
632 1433 726 1463 leave
731 1433 739 1462 .

304 1513 324 1551 3
346 1511 440 1550 Then
454 1512 480 1550 is
493 1511 549 1549 my
557 1510 708 1550 strength
724 1510 767 1548 by
779 1510 854 1548 thee
864 1508 1019 1548 renewed
1024 1509 1032 1547 ;

350 1554 442 1592 Then
454 1554 510 1591 are
528 1554 586 1591 my
604 1553 669 1590 sins
683 1553 725 1590 by
738 1553 815 1590 thee
835 1551 987 1590 forgiven
995 1552 1006 1589 ;

305 1599 397 1637 Then
417 1599 489 1636 dost
505 1599 587 1635 thou
605 1597 701 1635 cheer
718 1598 772 1634 my
792 1596 934 1634 solitude

395 1644 490 1684 With
506 1643 606 1682 hopes
621 1641 660 1680 of
671 1639 802 1680 heaven
805 1640 815 1678 .

304 1723 324 1755 4
342 1722 393 1754 No
411 1720 519 1754 words
539 1721 597 1753 can
617 1720 674 1752 tell
694 1718 783 1752 what
800 1717 902 1751 sweet
919 1717 1018 1751 relief

351 1764 455 1803 There
472 1764 523 1803 for
543 1764 600 1803 my
618 1764 718 1803 every
736 1764 827 1803 want
845 1764 859 1803 I
875 1764 945 1803 find
955 1764 965 1803 ;

306 1792 411 1852 What
417 1795 573 1855 strength
581 1798 632 1857 for
647 1799 790 1860 warfare
792 1803 799 1860 ,
816 1803 878 1862 balm
892 1804 930 1863 for
941 1805 1030 1865 grief
1025 1808 1035 1865 ,

394 1855 497 1895 What
510 1854 608 1894 peace
624 1855 663 1893 of
673 1854 766 1893 mind
774 1854 785 1892 !

1375 434 1400 448 Cop

954 1233 968 1274 (
966 1232 1021 1273 581
1021 1232 1034 1273 )
1047 1232 1060 1273 |
1071 1232 1091 1273 3
1116 1231 1225 1273 When
1242 1231 1344 1272 mystery
1361 1230 1438 1272 clouds
1452 1230 1509 1271 my
1527 1229 1696 1272 darkened
1710 1229 1791 1270 path
1792 1229 1799 1270 ,

1113 1270 1179 1310 I'll
1188 1271 1290 1311 check
1302 1273 1359 1313 my
1377 1274 1478 1313 dread
1481 1276 1487 1314 ,
1506 1276 1545 1315 my
1555 1276 1636 1316 doubts
1646 1277 1784 1318 reprove
1791 1280 1802 1318 ;

1071 1322 1110 1359 In
1127 1322 1195 1359 this
1208 1322 1264 1359 my
1281 1322 1354 1359 soul
1370 1322 1471 1359 sweet
1486 1322 1628 1359 comfort
1643 1322 1725 1359 hath
1726 1322 1734 1359 ,

1205 1365 1291 1394 That
1309 1365 1381 1394 God
1398 1365 1424 1394 is
1440 1365 1518 1394 love
1526 1365 1537 1394 !

306 1926 325 1965 5
351 1925 490 1966 Hushed
506 1927 533 1966 is
550 1927 630 1968 each
640 1928 742 1968 doubt
746 1929 751 1968 ,
765 1928 852 1969 gone
867 1930 935 1969 every
951 1930 1019 1970 fear
1026 1931 1034 1970 ;

350 1977 410 2015 My
425 1977 521 2015 spirit
539 1977 642 2015 seems
661 1977 694 2015 in
714 1977 841 2015 heaven
856 1977 891 2015 to
906 1977 982 2015 stay
988 1977 999 2015 ;

306 2023 388 2058 And
403 2023 474 2058 e'en
490 2023 548 2058 the
563 2023 763 2058 penitential
777 2023 849 2058 tear

393 2064 429 2101 Is
443 2065 553 2104 wiped
568 2069 666 2108 away
665 2072 677 2107 .

304 2133 412 2174 432

608 2143 665 2166 God
677 2143 699 2165 is
713 2143 770 2165 love
773 2143 780 2165 .

309 2195 327 2235 1
351 2195 367 2235 I
385 2195 447 2235 can
464 2196 522 2236 not
539 2196 663 2238 always
681 2197 771 2239 trace
786 2198 844 2239 the
860 2199 937 2240 way

352 2239 476 2287 Where
488 2238 571 2285 thou
574 2239 582 2284 ,
598 2236 764 2284 almighty
776 2235 822 2281 One
823 2236 830 2281 ,
852 2234 904 2281 dost
920 2233 1017 2280 move
1025 2233 1035 2278 ;

308 2284 377 2325 But
393 2285 409 2324 I
426 2286 486 2326 can
503 2286 628 2327 always
634 2288 639 2327 ,
659 2288 782 2329 always
800 2290 859 2330 say
860 2290 870 2329 ,

443 2333 528 2361 That
539 2333 614 2361 God
628 2333 656 2361 is
670 2333 747 2361 love
750 2333 758 2361 .

972 2141 984 2170 (
985 2140 1023 2169 86
1023 2140 1034 2169 )

310 2410 328 2450 2
356 2410 464 2450 When
480 2410 552 2450 fear
563 2410 622 2450 her
637 2410 777 2450 chilling
795 2410 920 2450 mantle
939 2410 1037 2450 flings

353 2456 431 2495 O'er
447 2456 540 2495 earth
544 2456 550 2495 ,
568 2456 626 2495 my
643 2456 715 2495 soul
732 2456 767 2495 to
783 2456 910 2495 heaven
923 2456 1028 2495 above
1030 2456 1035 2495 ,

310 2495 360 2533 As
377 2495 414 2533 to
429 2495 490 2534 her
504 2495 617 2535 native
635 2496 732 2536 home
737 2497 743 2535 ,
761 2497 937 2537 upsprings
947 2499 956 2537 ;

445 2546 507 2575 For
534 2546 605 2574 God
620 2545 646 2573 is
662 2545 740 2573 love
743 2545 750 2573 .

1530 323 1561 349 J.
1577 323 1611 349 P.
1626 323 1787 349 POWELL
1791 323 1799 349 .

1542 542 1666 570 evening
1684 544 1746 572 star
1749 545 1755 571 ,

1532 983 1567 1004 of
1630 988 1736 1012 prayer
1739 989 1747 1011 .

1072 1450 1093 1488 4
1113 1450 1163 1488 Oh
1184 1450 1261 1489 may
1279 1451 1345 1489 this
1364 1451 1455 1491 truth
1474 1452 1529 1490 my
1547 1452 1641 1492 heart
1659 1453 1789 1492 employ
1793 1454 1800 1492 ,

1117 1492 1199 1532 And
1214 1493 1316 1533 every
1328 1494 1463 1534 gloomy
1479 1496 1624 1535 thought
1646 1497 1779 1537 remove
1791 1499 1800 1537 ;

1073 1539 1105 1580 It
1120 1539 1184 1580 fills
1199 1539 1255 1580 my
1271 1540 1346 1581 soul
1365 1540 1448 1581 with
1466 1540 1645 1583 boundless
1655 1542 1716 1583 joy
1719 1542 1729 1583 ,

1206 1586 1292 1616 That
1306 1586 1378 1616 God
1396 1586 1422 1616 is
1439 1586 1517 1616 love
1527 1586 1536 1616 !

1071 1677 1176 1716 433

1319 1685 1376 1715 Thy
1389 1684 1444 1714 will
1461 1685 1490 1713 be
1504 1683 1569 1713 done
1573 1684 1580 1712 .

1718 1686 1730 1717 (
1730 1686 1788 1717 900
1790 1686 1801 1717 )

1074 1741 1090 1781 1
1117 1741 1174 1781 My
1194 1741 1264 1781 God
1270 1741 1275 1781 ,
1294 1741 1352 1781 my
1371 1741 1492 1781 Father
1495 1741 1500 1781 ,
1516 1741 1617 1781 while
1634 1741 1648 1781 I
1665 1741 1758 1781 stray

1071 1808 1124 1867 Oh
1127 1810 1135 1867 ,
1152 1810 1248 1870 teach
1264 1812 1317 1871 me
1332 1814 1421 1874 from
1435 1816 1495 1874 my
1508 1817 1608 1877 heart
1621 1820 1658 1879 to
1673 1821 1733 1880 say
1732 1823 1742 1880 ,

1074 1783 1137 1823 Far
1153 1783 1236 1824 from
1256 1784 1312 1823 my
1329 1784 1427 1825 home
1431 1786 1436 1825 ,
1456 1786 1496 1825 on
1515 1786 1600 1827 life's
1614 1787 1722 1828 rough
1738 1788 1792 1828 way
1793 1789 1800 1828 ,

1206 1876 1226 1911 "
1236 1874 1311 1911 Thy
1328 1873 1398 1910 will
1413 1873 1453 1908 be
1472 1871 1555 1908 done
1565 1872 1574 1907 !
1585 1872 1602 1907 "

1073 1960 1092 1999 2
1118 1959 1221 2000 What
1236 1960 1364 2001 though
1384 1961 1417 2001 in
1437 1961 1544 2002 lonely
1562 1963 1652 2003 grief
1663 1963 1679 2002 I
1696 1963 1770 2003 sigh

1074 2002 1137 2042 For
1152 2003 1278 2043 friends
1295 2005 1434 2045 beloved
1453 2007 1495 2045 no
1509 2007 1627 2047 longer
1642 2008 1723 2048 nigh
1733 2010 1743 2048 ;

1072 2049 1278 2089 Submissive
1295 2051 1364 2090 still
1382 2052 1493 2091 would
1513 2053 1525 2090 I
1540 2053 1633 2092 reply
1635 2054 1645 2091 ,

1205 2099 1225 2136 "
1239 2098 1312 2135 Thy
1328 2098 1398 2135 will
1415 2098 1454 2135 be
1472 2097 1556 2134 done
1566 2097 1576 2134 !

709 2617 799 2660 Oriel
804 2617 811 2660 ,
829 2617 906 2660 Key
924 2617 978 2660 Ab
985 2617 995 2660 .
1045 2617 1226 2660 Delaware
1229 2617 1235 2660 ,
1250 2617 1327 2660 Key
1341 2617 1399 2660 Ab
1401 2617 1411 2660 .

1074 2185 1094 2222 3
1115 2185 1152 2222 If
1162 2185 1246 2223 thou
1262 2185 1416 2224 shouldst
1432 2187 1495 2224 call
1512 2187 1564 2224 me
1581 2188 1614 2225 to
1632 2187 1745 2226 resign

1075 2232 1177 2278 What
1192 2230 1277 2276 most
1295 2230 1310 2275 I
1328 2228 1415 2275 prize
1417 2228 1451 2273 -
1460 2228 1488 2273 it
1506 2226 1594 2273 ne'er
1610 2225 1679 2271 was
1702 2223 1793 2270 mine
1794 2224 1804 2269 ,

1073 2278 1089 2313 I
1104 2277 1184 2312 only
1202 2275 1294 2312 yield
1311 2276 1387 2311 thee
1405 2274 1496 2311 what
1513 2275 1581 2310 was
1604 2273 1697 2310 thine
1704 2274 1713 2309 :

1208 2323 1230 2360 "
1237 2321 1311 2359 Thy
1327 2319 1400 2358 will
1414 2318 1454 2356 be
1470 2317 1558 2355 done
1565 2316 1576 2353 !
1582 2316 1600 2353 "

1074 2410 1093 2450 4
1118 2410 1153 2450 If
1169 2410 1229 2450 but
1246 2410 1303 2450 my
1317 2410 1462 2450 fainting
1480 2410 1574 2450 heart
1586 2410 1624 2450 be
1642 2410 1728 2450 blest

1076 2456 1168 2495 With
1185 2456 1247 2495 thy
1264 2456 1367 2495 sweet
1383 2456 1488 2495 Spirit
1503 2456 1557 2495 for
1571 2456 1614 2495 its
1632 2456 1727 2495 guest
1729 2456 1736 2495 ,

1073 2498 1130 2536 My
1150 2498 1222 2536 God
1225 2498 1231 2536 ,
1250 2498 1283 2536 to
1300 2498 1375 2536 thee
1395 2498 1408 2536 I
1425 2498 1518 2536 leave
1536 2498 1592 2536 the
1609 2498 1679 2536 rest
1687 2498 1697 2536 :

1210 2545 1229 2581 "
1240 2545 1315 2581 Thy
1333 2545 1404 2581 will
1421 2545 1461 2581 be
1478 2545 1564 2581 done
1572 2545 1582 2581 !
1591 2545 1608 2581 "
