2644 2031
386 219 452 262 76

1054 226 1162 264 THE
1202 226 1355 264 RIVER
1397 226 1462 264 OF
1506 226 1618 264 LIFE
1624 226 1635 264 .
1681 226 1735 264 11s
1736 226 1748 264 .

478 479 505 510 1.
522 479 567 510 Oh
575 479 583 510 !
595 479 680 510 there
696 479 723 510 is
735 479 752 510 a
763 479 842 510 river
856 479 959 510 whose
965 479 1047 510 fresh
1058 479 1167 510 waters
1177 479 1245 510 flow
1255 479 1324 510 O'er
1335 479 1445 510 earth's
1454 479 1596 510 broadest
1605 479 1723 510 surface
1724 479 1730 510 ,
1735 479 1753 510 a
1760 479 1829 510 cure
1837 479 1882 510 for
1890 479 1933 510 all
1940 479 2005 510 woe
2015 479 2022 510 :
2031 479 2076 510 Its
2088 479 2215 510 streams
2226 479 2277 510 are
2285 479 2326 510 all

507 567 572 677 使

845 568 925 663 E

616 716 665 749 Oh
672 716 681 749 !
698 716 788 749 drink
799 716 834 749 of
834 716 897 749 this
910 716 989 749 river
992 716 998 749 ,
1013 716 1049 749 its
1062 716 1119 749 full
1125 716 1235 749 crystal
1244 716 1320 749 flood
1338 716 1499 749 Refreshes
1510 716 1568 749 and
1575 716 1707 749 lightens
1718 716 1753 749 of
1759 716 1829 749 sin's
1842 716 1940 749 weary
1953 716 2020 749 load
2030 716 2036 749 ;
2047 716 2090 749 Its
2101 716 2212 749 ripples
2223 716 2307 749 ne'er

599 760 674 796 This
684 760 835 796 beautiful
842 760 925 796 river
937 760 992 796 our
1005 760 1092 796 boast
1100 760 1169 796 well
1178 760 1247 796 may
1260 760 1297 796 be
1303 760 1309 796 ,
1324 760 1334 796 '
1335 760 1386 796 Tis
1397 760 1480 796 fresh
1484 760 1490 796 ,
1503 760 1519 796 o
1524 760 1532 796 -
1534 760 1587 796 ver
1588 760 1598 796 -
1599 760 1720 796 flowing
1723 760 1729 796 ,
1743 760 1804 796 and
1813 760 1911 796 better
1914 760 1921 796 ,
1929 760 1937 796 '
1939 760 1977 796 tis
1990 760 2054 796 free
2063 760 2071 796 !
2080 760 2142 796 The
2155 760 2202 796 sin
2203 760 2212 796 -
2216 760 2279 796 sick
2289 760 2324 796 re-

528 835 603 874 23

472 721 492 744 2
493 721 501 744 .

473 766 491 790 3
491 766 498 790 .

477 1123 616 1207 dute

498 1262 622 1295 healing
624 1262 630 1295 ,
634 1262 743 1295 there's
751 1262 804 1295 life
814 1262 845 1295 in
856 1262 929 1295 each
938 1262 1023 1295 wave
1026 1262 1032 1295 ,
1035 1262 1077 1295 Oh
1084 1262 1089 1295 ,
1097 1262 1145 1295 try
1158 1262 1182 1295 it
1196 1262 1256 1295 and
1267 1262 1360 1295 prove
1371 1262 1396 1295 it
1401 1262 1406 1295 ,
1415 1262 1422 1295 '
1425 1262 1464 1295 tis
1477 1262 1595 1295 mighty
1602 1262 1636 1295 to
1670 1262 1742 1295 save
1744 1262 1752 1295 .

421 1342 470 1464 最
510 1336 574 1459 件
561 1335 613 1457 。
750 1340 922 1437 BE
954 1368 1038 1432 3

2032 1472 2053 1494 3

545 1494 612 1528 mix
625 1494 699 1528 with
705 1494 758 1528 the
766 1494 882 1528 billows
891 1494 926 1528 of
933 1494 1017 1528 strife
1023 1494 1029 1528 ,
1037 1494 1107 1528 This
1118 1494 1143 1528 is
1156 1494 1209 1528 the
1217 1494 1232 1528 "
1239 1494 1318 1528 Pure
1326 1494 1417 1528 River
1427 1494 1461 1528 of
1470 1494 1576 1528 Water
1588 1494 1623 1528 of
1653 1494 1718 1528 Life
1721 1494 1729 1528 .
1732 1494 1747 1528 "
1761 1494 1848 1528 Halle
1849 1494 1858 1528 -
1859 1494 1888 1528 lu
1893 1494 1904 1528 -
1899 1494 1952 1528 jah
1957 1494 1962 1528 ,
1998 1494 2057 1528 A-
2074 1494 2144 1528 men
2149 1494 2156 1528 ,
2175 1494 2266 1528 Halle-

500 1539 581 1574 joice
594 1539 631 1574 in
641 1539 704 1574 this
714 1539 731 1574 "
733 1539 826 1574 peace
827 1539 837 1574 -
839 1539 984 1574 speaking
986 1539 1002 1574 "
1012 1539 1071 1574 tide
1075 1539 1081 1574 ,
1085 1539 1154 1574 This
1163 1539 1255 1574 River
1260 1539 1287 1574 is
1299 1539 1387 1574 Jesus
1391 1539 1397 1574 ,
1411 1539 1464 1574 the
1475 1539 1492 1574 "
1499 1539 1571 1574 once
1578 1539 1718 1574 crucified
1731 1539 1738 1574 .
1741 1539 1758 1574 "

2017 1144 2087 1217 9

1981 1259 2190 1291 Hallelujah
2194 1261 2203 1291 ,

1982 1724 2189 1756 Hallelujah
2191 1727 2199 1755 ,
