2760 2125
423 308 510 385 H

325 545 343 575 1
360 545 471 575 When
487 545 576 575 shall
592 545 651 575 the
665 545 761 575 voice
775 545 813 575 of
827 545 966 575 singing

394 580 486 611 Flow
498 580 648 611 joyfully
662 580 764 611 along
775 580 791 611 ?

361 609 472 644 When
487 609 552 644 hill
567 609 636 644 and
650 609 764 644 valley
770 609 775 644 ,
789 609 929 644 ringing

395 644 489 674 With
504 644 571 674 one
585 644 807 676 triumphant
821 645 906 675 song
908 645 916 675 ,

360 676 528 710 Proclaim
544 676 603 710 the
618 676 748 710 contest
762 676 871 710 ended
876 676 885 710 ,

394 704 474 738 And
489 704 572 738 Him
588 704 666 739 who
680 705 764 739 once
779 705 847 739 was
861 706 949 740 slain
954 706 963 740 ,

359 745 473 781 Again
489 745 522 779 to
537 744 633 778 earth
648 740 837 777 descended
843 741 850 774 ,

393 778 434 808 In
450 777 701 808 righteousness
716 777 748 806 to
763 777 858 806 reign
862 776 872 805 .

326 823 344 857 2
361 823 456 857 Then
472 823 558 857 from
573 823 633 857 the
647 823 767 857 craggy
783 823 986 857 mountains
988 823 997 857 ,

396 859 466 888 The
479 859 595 888 sacred
610 859 712 888 shout
726 859 814 888 shall
830 859 876 888 fly
885 859 897 888 ;

363 889 439 920 And
455 889 564 919 shady
580 888 674 919 vales
689 888 758 918 and
772 887 951 918 fountains

395 924 493 953 Shall
507 924 590 953 echo
603 924 665 953 the
677 924 774 953 reply
778 924 787 953 .

362 956 455 989 High
470 956 577 988 tower
590 955 658 988 and
673 955 777 987 lowly
794 953 957 987 dwelling

398 989 494 1021 Shall
507 989 591 1021 send
605 989 666 1021 the
679 989 801 1021 chorus
814 989 926 1021 round
930 989 937 1021 ,

365 1022 425 1051 All
438 1022 646 1051 hallelujahs
659 1022 817 1051 swelling
820 1022 828 1051 ,

398 1058 437 1085 In
453 1057 519 1084 one
532 1054 663 1083 eternal
677 1054 787 1081 sound
796 1054 810 1080 !

439 1252 470 1288 #
464 1252 501 1288 3

364 1453 544 1531 9:32

461 1523 506 1559 4

1018 1423 1047 1497 CO

893 1253 1115 1330 199

350 1587 366 1619 1
384 1585 475 1619 Holy
491 1584 595 1618 Spirit
597 1584 602 1616 ,
620 1583 761 1617 faithful
776 1581 883 1615 Guide
887 1582 894 1614 ,

352 1620 440 1651 Ever
454 1620 536 1650 near
548 1619 606 1650 the
621 1618 820 1650 Christian's
836 1618 909 1648 side
912 1618 920 1648 ,

350 1651 478 1685 Gently
492 1651 567 1685 lead
583 1651 620 1685 us
636 1651 678 1685 by
693 1651 752 1685 the
768 1651 860 1685 hand
864 1651 872 1685 ,

351 1684 508 1718 Pilgrims
523 1684 557 1715 in
574 1684 594 1715 a
608 1682 719 1715 desert
730 1680 813 1713 land
818 1680 825 1711 .

353 1718 476 1750 Weary
490 1717 580 1749 souls
585 1717 590 1747 ,
606 1716 725 1748 fore'er
739 1714 858 1746 rejoice
861 1715 868 1745 ,

353 1751 468 1780 While
480 1751 563 1780 they
576 1751 657 1780 hear
670 1751 747 1780 that
759 1751 912 1780 sweetest
923 1751 1021 1780 voice
1022 1751 1031 1780 ,

353 1783 565 1815 Whisp'ring
578 1783 680 1813 softly
686 1783 692 1813 ,
708 1781 885 1813 wanderer
889 1782 895 1812 ,
911 1782 1006 1812 come
1017 1782 1025 1812 !

353 1815 479 1849 Follow
495 1815 550 1848 me
555 1815 561 1847 ,
577 1815 635 1847 I'll
649 1813 749 1847 guide
764 1814 843 1846 thee
856 1812 959 1846 home
962 1813 969 1845 .

1076 542 1092 574 1
1111 542 1159 574 Go
1175 542 1276 575 when
1291 543 1352 575 the
1366 542 1527 576 morning
1541 543 1682 577 shineth
1687 545 1695 577 ,

1143 574 1193 604 Go
1208 573 1311 605 when
1324 575 1383 605 the
1399 575 1501 607 moon
1517 576 1546 606 is
1561 576 1675 608 bright
1678 577 1685 607 ,

1111 607 1160 638 Go
1175 607 1277 639 when
1292 608 1352 639 the
1366 608 1428 640 eve
1441 609 1617 641 declineth
1621 610 1629 641 ,

1144 641 1193 670 Go
1207 641 1242 670 in
1259 642 1319 672 the
1333 642 1422 673 hush
1439 643 1475 673 of
1487 643 1587 674 night
1597 645 1608 674 ;

1111 675 1161 707 Go
1175 675 1259 707 with
1275 675 1360 707 pure
1373 675 1472 707 mind
1488 675 1556 707 and
1572 675 1697 707 feeling
1701 675 1709 707 ,

1144 705 1248 738 Drive
1261 706 1396 739 earthly
1412 708 1576 742 thoughts
1591 710 1689 742 away
1691 711 1700 742 ,

1112 742 1192 775 And
1197 742 1203 775 ,
1217 742 1252 775 in
1268 742 1331 775 thy
1347 742 1449 775 closet
1464 742 1631 775 kneeling
1633 742 1641 775 ,

1144 771 1195 801 Do
1206 772 1292 803 thou
1304 775 1343 804 in
1357 775 1466 806 secret
1478 778 1563 808 pray
1565 780 1577 808 .

1304 206 1681 267 Watcher.gi

1078 822 1095 850 2
1114 822 1320 850 Remember
1333 822 1379 850 all
1396 822 1474 850 who
1488 822 1565 850 love
1578 822 1659 850 thee
1660 822 1668 850 ,

1145 855 1225 886 And
1242 855 1319 886 who
1333 855 1390 886 are
1403 855 1503 886 loved
1520 855 1563 886 by
1579 855 1659 886 thee
1666 855 1677 886 ;

1113 887 1203 921 Pray
1206 887 1213 921 ,
1226 887 1281 921 too
1286 887 1292 921 ,
1306 887 1356 921 for
1369 887 1468 921 those
1482 887 1560 921 who
1573 887 1654 921 hate
1666 887 1747 921 thee
1747 887 1756 921 ,

1146 922 1182 953 If
1191 922 1260 953 any
1275 922 1357 953 such
1373 922 1468 953 there
1482 922 1522 953 be
1533 922 1542 953 ;

1114 953 1209 986 Then
1216 953 1223 986 ,
1236 953 1289 986 for
1300 953 1432 986 thyself
1434 953 1440 986 ,
1454 953 1489 986 in
1507 953 1689 986 meekness
1692 953 1700 986 ,

1146 988 1176 1020 A
1190 986 1340 1020 blessing
1353 984 1500 1018 humbly
1516 983 1615 1017 claim

1116 1015 1198 1050 And
1212 1016 1316 1051 blend
1332 1018 1415 1052 with
1431 1019 1514 1054 each
1530 1020 1675 1056 petition

1148 1053 1224 1085 Thy
1236 1053 1331 1085 great
1345 1053 1559 1085 Redeemer's
1574 1053 1679 1085 name
1682 1053 1690 1085 .

1302 1119 1450 1157 Guide
1455 1119 1468 1157 .
1521 1119 1565 1157 7s
1569 1119 1580 1157 .

1157 1449 1181 1495 CO

1084 1586 1103 1616 2
1120 1586 1209 1616 Ever
1223 1586 1359 1616 present
1362 1586 1368 1616 ,
1384 1586 1490 1616 truest
1505 1586 1616 1616 friend
1621 1586 1629 1616 ,

1089 1619 1174 1647 Ever
1190 1619 1273 1646 near
1276 1619 1282 1646 ,
1298 1618 1398 1646 thine
1413 1618 1467 1645 aid
1483 1618 1517 1645 to
1530 1617 1609 1645 lend
1616 1617 1625 1644 ,

1088 1650 1200 1681 Leave
1214 1650 1251 1680 us
1266 1650 1327 1681 not
1341 1651 1374 1681 to
1388 1651 1496 1681 doubt
1510 1651 1577 1682 and
1593 1652 1664 1682 fear
1666 1652 1673 1682 ,

1087 1682 1239 1714 Groping
1254 1683 1294 1713 on
1317 1683 1352 1713 in
1369 1681 1536 1713 darkness
1549 1682 1648 1712 drear
1648 1681 1658 1711 .

1090 1713 1201 1743 When
1215 1715 1274 1744 the
1287 1715 1412 1745 storms
1427 1717 1484 1746 are
1502 1717 1622 1747 raging
1640 1718 1716 1748 sore
1717 1719 1724 1747 ,

1089 1750 1213 1781 Hearts
1224 1750 1314 1781 grow
1328 1750 1416 1781 faint
1427 1750 1493 1781 and
1505 1750 1611 1781 hopes
1622 1750 1699 1781 give
1711 1750 1779 1781 o'er
1781 1750 1789 1781 ,

1091 1782 1250 1816 Whisper
1262 1782 1366 1816 softly
1373 1782 1379 1816 ,
1396 1782 1571 1816 wanderer
1574 1782 1582 1816 ,
1594 1782 1691 1816 come
1699 1782 1710 1816 !

1089 1815 1218 1848 Follow
1233 1815 1287 1848 me
1292 1815 1299 1848 ,
1311 1815 1377 1848 I'll
1388 1815 1488 1848 guide
1502 1815 1581 1848 thee
1593 1815 1696 1848 home
1699 1815 1707 1848 .

2407 432 2511 511 BI

1828 543 1844 571 1
1863 543 1879 571 I
1894 543 1989 571 want
2000 543 2034 571 to
2049 543 2090 571 be
2103 543 2177 571 like
2191 543 2289 571 Jesus
2292 543 2300 571 ,

1894 574 1938 607 So
1950 574 2056 607 lowly
2070 574 2139 607 and
2154 574 2190 607 so
2206 574 2305 607 meek
2319 574 2327 607 ;

1862 609 1928 641 For
1941 609 1987 641 no
2000 609 2066 641 one
2079 609 2224 641 marked
2240 609 2284 641 an
2299 609 2407 641 angry
2422 609 2515 641 word

1895 641 1983 673 That
1996 641 2077 673 ever
2090 641 2196 673 heard
2211 641 2284 673 him
2301 641 2407 673 speak
2412 641 2419 673 .

1863 676 1879 701 I
1894 676 1989 702 want
2001 676 2035 701 to
2051 676 2090 702 be
2103 677 2177 702 like
2192 677 2290 704 Jesus
2293 678 2300 703 ,

1689 1278 1849 1327 888

1894 708 1939 737 So
1951 708 2147 739 frequently
2163 710 2200 739 in
2217 710 2341 741 prayer
2350 712 2360 741 ;

1863 742 1976 774 Alone
1988 742 2081 774 upon
2095 742 2156 774 the
2170 742 2355 774 mountain
2358 742 2370 774 -
2373 742 2431 774 top
2434 742 2442 774 ,

1896 775 1949 801 He
1963 775 2036 801 met
2049 775 2103 801 his
2120 775 2245 801 Father
2258 775 2356 801 there
2358 775 2366 801 .

1828 820 1847 849 2
1864 820 1880 849 I
1896 820 1991 849 want
2004 820 2038 849 to
2053 820 2093 849 be
2106 820 2179 849 like
2194 820 2291 849 Jesus
2301 820 2310 849 ;

1897 856 1914 886 I
1927 853 2033 885 never
2037 853 2043 883 ,
2058 850 2166 883 never
2178 849 2251 881 find

1864 886 1953 919 That
1966 886 2010 919 he
2013 886 2019 919 ,
2035 886 2166 919 though
2182 886 2378 919 persecuted
2384 886 2391 919 ,
2406 886 2476 919 was

1898 921 1942 952 To
1956 920 2024 951 any
2040 919 2105 950 one
2120 917 2258 948 unkind
2263 917 2272 946 .

1865 954 1881 982 I
1896 954 1992 982 want
2005 954 2038 982 to
2052 954 2092 982 be
2106 954 2179 982 like
2193 954 2291 982 Jesus
2295 954 2302 982 ,

2435 206 2527 250 153

1901 985 2060 1018 Engaged
2073 986 2109 1017 in
2126 985 2231 1016 doing
2244 985 2329 1016 good
2334 984 2341 1015 ,

1871 1018 1914 1047 So
1927 1018 2007 1047 that
2018 1018 2055 1047 of
2066 1018 2120 1048 me
2135 1019 2163 1048 it
2178 1019 2259 1048 may
2271 1019 2312 1048 be
2325 1020 2395 1049 said
2404 1020 2411 1049 ,

1899 1052 1920 1079 "
1929 1051 1997 1078 She
2010 1051 2096 1078 hath
2112 1050 2201 1078 done
2217 1050 2310 1077 what
2328 1050 2389 1077 she
2403 1049 2500 1076 could
2506 1049 2514 1076 .
2517 1049 2533 1076 "

1912 1428 2012 1456 22
2015 1428 2032 1454 .

2148 1171 2186 1198 M.
2207 1171 2245 1198 M.
2266 1171 2396 1198 WELLS
2399 1171 2409 1198 .

2177 1427 2244 1454 24

2069 1450 2326 1510 BeTORTO

2442 1200 2520 1226 D.C.

2386 1246 2526 1336 3:11

2289 1428 2435 1455 eff
2444 1428 2461 1455 .

1854 1582 1871 1614 3
1890 1581 2001 1615 When
2016 1583 2078 1615 our
2090 1583 2173 1617 days
2187 1584 2224 1616 of
2240 1584 2302 1617 toil
2315 1585 2405 1618 shall
2419 1585 2514 1619 cease
2517 1587 2527 1619 ,

1858 1617 2009 1649 Waiting
2024 1618 2093 1648 still
2107 1619 2158 1649 for
2170 1619 2275 1649 sweet
2287 1619 2414 1651 release
2418 1620 2425 1650 ,

1857 1650 2012 1683 Nothing
2026 1651 2087 1682 left
2095 1652 2156 1683 but
2164 1651 2297 1684 heaven
2310 1653 2378 1684 and
2391 1653 2514 1685 prayer
2517 1653 2524 1684 ,

1859 1682 2061 1714 Wond'ring
2074 1683 2103 1713 if
2114 1684 2174 1714 our
2189 1684 2309 1715 names
2323 1684 2380 1715 are
2392 1685 2491 1715 there
2497 1685 2509 1715 ;

1858 1716 2006 1747 Wading
2019 1716 2103 1747 deep
2119 1716 2175 1747 the
2190 1716 2317 1747 dismal
2330 1716 2417 1747 flood
2423 1716 2430 1747 ,

1859 1750 2023 1780 Pleading
2036 1750 2168 1780 naught
2183 1750 2240 1780 but
2255 1750 2354 1780 Jesus
2357 1750 2366 1780 '
2378 1750 2477 1780 blood
2488 1750 2499 1780 ;

1860 1781 2019 1814 Whisper
2030 1781 2133 1814 softly
2140 1781 2146 1814 ,
2161 1781 2340 1814 wanderer
2351 1781 2447 1814 come
2457 1781 2467 1814 !

1858 1815 1987 1846 Follow
2002 1815 2056 1846 me
2062 1815 2069 1846 ,
2083 1815 2143 1846 I'll
2156 1815 2256 1846 guide
2272 1815 2351 1846 thee
2363 1815 2468 1846 home
2468 1815 2476 1846 .
