2992 2277
450 337 504 393 4

853 355 941 477 品

402 534 428 564 1.
462 534 551 564 Home
554 534 560 564 ,
571 534 636 564 dear
647 534 728 564 home
731 534 736 564 ,
749 534 788 564 we
799 534 882 564 never
892 534 943 564 can
953 534 1045 564 forget
1046 534 1052 564 ,

456 1002 639 1052 444

451 1061 511 1116 4

482 1285 612 1315 Chorus
615 1287 626 1314 .

1095 223 1230 267 OUR
1273 223 1432 267 OWN
1476 223 1663 267 DEAR
1703 223 1903 267 HOME
1907 223 1921 267 .

451 711 502 761 4

1786 670 1901 798 F

393 839 422 873 2.
439 839 527 873 Lured
538 839 572 873 by
584 839 648 873 gain
659 839 699 873 we
710 839 775 873 seek
783 839 799 873 a
807 839 914 873 foreign
925 839 1005 873 shore
1009 839 1014 873 ,
1027 839 1111 873 Worn
1121 839 1175 873 and
1187 839 1278 873 weary
1289 839 1359 873 keep
1369 839 1418 873 the
1428 839 1528 873 golden
1540 839 1586 873 ore
1594 839 1601 873 ;
1613 839 1677 873 Still
1686 839 1738 873 our
1749 839 1886 873 yearning
1896 839 1990 873 hearts
2000 839 2118 873 demand
2128 839 2194 873 Rest
2200 839 2230 873 in
2240 839 2288 873 the
2298 839 2460 873 homestead
2470 839 2499 873 in
2511 839 2562 873 our
2571 839 2665 873 native
2674 839 2741 873 land
2745 839 2751 873 .

394 885 419 916 3.
437 885 476 916 On
488 885 535 916 the
543 885 636 916 gilded
645 885 714 916 page
724 885 753 916 of
763 885 873 916 earthly
882 885 956 916 fame
976 885 1056 916 Some
1067 885 1129 916 may
1141 885 1210 916 pant
1221 885 1248 916 to
1259 885 1377 916 register
1388 885 1463 916 their
1474 885 1555 916 name
1563 885 1569 916 ;
1584 885 1683 916 Round
1694 885 1746 916 our
1755 885 1850 916 names
1861 885 1896 916 no
1908 885 2014 916 wreath
2025 885 2089 916 may
2099 885 2133 916 be
2136 885 2142 916 ,

2064 918 2119 948 But
2127 918 2180 947 you
2190 917 2255 947 may
2265 917 2333 946 read
2346 915 2420 945 them
2433 916 2466 945 on
2479 915 2526 945 the
2537 915 2581 944 old
2592 913 2672 944 home
2685 914 2742 943 tree
2746 914 2754 943 .

810 1013 1050 1043 AAAAA

484 1909 768 1938 ALLA

1026 564 1139 594 Friends
1143 564 1149 594 ,
1159 564 1224 594 dear
1233 564 1340 594 friends
1344 564 1348 594 ,
1360 564 1401 594 we
1409 564 1485 594 often
1494 564 1573 594 there
1584 564 1655 594 have
1665 564 1724 594 met
1726 564 1732 594 ,

933 1652 983 1689 e

1614 530 1717 561 Bless'd
1728 530 1764 561 by
1775 530 1839 561 care
1841 531 1846 562 ,
1856 531 1885 562 or
1895 531 2006 563 pierced
2017 531 2052 562 by
2063 532 2140 563 grief
2137 532 2145 563 ,

1102 1010 1550 1040 AAAAAAAA

1650 1010 1693 1039 A

1464 1920 1576 2028 7

462 1527 520 1560 Ten
522 1527 533 1560 -
532 1527 582 1560 der
594 1527 740 1560 memories
749 1527 838 1560 round
850 1527 914 1560 thee
925 1527 1011 1560 twine
1014 1527 1019 1560 ,
1032 1527 1099 1560 Like
1111 1527 1158 1560 the
1169 1527 1215 1560 ivy
1224 1527 1308 1560 green
1317 1527 1407 1560 round
1417 1527 1464 1560 the
1475 1527 1541 1560 pine
1551 1527 1557 1560 ;
1570 1527 1641 1560 Over
1650 1527 1716 1560 land
1726 1527 1781 1560 and
1790 1527 1835 1560 sea
1846 1527 1886 1560 we
1895 1527 1959 1560 may
1966 1527 2043 1560 roam
2047 1527 2052 1560 ,
2065 1527 2129 1560 Still
2141 1527 2200 1560 will
2213 1527 2252 1560 we
2264 1527 2373 1560 cherish
2386 1527 2449 1560 thee
2459 1527 2510 1560 our
2518 1527 2578 1560 own
2591 1527 2654 1560 dear
2667 1527 2750 1560 home
2751 1527 2758 1560 .

2119 562 2211 588 Home
2222 562 2270 588 has
2281 562 2312 588 af
2310 562 2318 588 -
2319 562 2379 588 ford
2383 562 2391 588 -
2394 563 2426 589 ed
2437 563 2468 589 us
2480 563 2495 589 a
2505 563 2590 589 sweet
2602 563 2651 589 re-
2660 564 2715 590 lief
2712 564 2718 590 .

2039 1649 2050 1690 е

2651 225 2754 268 107

2170 1008 2455 1040 AAAAAA

462 1815 520 1846 Ten
522 1815 531 1846 -
533 1815 581 1846 der
593 1815 740 1846 memories
749 1815 839 1846 round
849 1815 914 1846 thee
924 1815 1010 1846 twine
1014 1815 1019 1846 ,
1032 1815 1099 1846 Like
1109 1815 1158 1846 the
1169 1815 1216 1846 ivy
1224 1815 1309 1846 green
1320 1815 1409 1846 round
1420 1815 1466 1846 the
1478 1815 1543 1846 pine
1552 1815 1558 1846 ;
1571 1815 1642 1846 Over
1652 1815 1716 1846 land
1725 1815 1780 1846 and
1790 1815 1836 1846 sea
1846 1815 1886 1846 we
1897 1815 1961 1846 may
1970 1815 2045 1846 roam
2050 1815 2056 1846 ,
2068 1815 2131 1846 Still
2143 1815 2201 1846 will
2212 1815 2252 1846 we
2263 1815 2372 1846 cherish
2384 1815 2448 1846 thee
2456 1815 2507 1846 our
2517 1815 2578 1846 own
2589 1815 2654 1846 dear
2663 1815 2747 1846 home
2752 1815 2759 1846 .

2681 1891 2763 2015 L

2132 1909 2415 1939 AAAAAA
