1153 1927
198 155 278 189 158
331 165 553 195 CHRISTIAN
586 167 849 197 EXPERIENCE
854 170 862 197 .

194 232 319 299 237

566 238 619 262 11s
622 238 629 262 .

824 247 977 267 KIRKHAM
981 247 988 267 .

439 273 584 302 Precious
600 275 754 304 Promises
756 278 763 304 .

267 313 326 349 OW
337 313 402 350 firm
415 314 431 349 a
442 314 620 352 foundation
625 316 630 351 ,
641 316 678 352 ye
690 317 783 353 saints
794 318 828 353 of
836 318 886 355 the
898 319 978 356 Lord
981 320 988 355 ,

200 392 295 429 What
301 393 382 430 more
392 394 448 431 can
458 395 494 430 he
504 395 555 431 say
564 396 638 432 than
648 397 677 432 to
685 397 745 434 you
756 398 793 433 he
802 398 876 435 hath
886 399 951 435 said-

201 431 266 466 You
283 432 348 467 who
365 433 438 468 unto
456 434 544 469 Jesus
562 436 606 470 for
621 436 727 471 refuge
744 438 822 473 have
838 439 897 474 fled
908 441 922 474 ?

201 476 217 510 2
241 476 279 510 In
290 476 382 511 every
394 476 548 512 condition
553 477 581 511 -
592 478 623 512 in
642 478 777 513 sickness
782 479 787 513 ,
801 479 833 513 in
847 479 952 515 health-

199 516 237 553 In
253 515 404 554 poverty's
421 517 488 554 vale
493 517 497 554 ,
515 517 547 554 or
564 517 741 556 abounding
758 518 788 555 in
806 519 916 557 wealth-

200 553 241 586 At
251 553 339 587 home
350 554 409 588 and
420 555 534 590 abroad
536 558 564 590 -
576 558 613 591 on
625 558 676 592 the
692 560 764 593 land
770 561 775 593 ,
788 561 823 595 on
835 562 889 595 the
898 563 952 597 sea-

199 594 220 629 "
229 594 271 629 As
288 594 343 631 thy
358 595 434 632 days
452 596 521 633 may
539 597 670 634 demand
673 599 678 634 ,
697 599 776 635 shall
784 600 838 636 thy
851 600 987 637 strength

317 639 387 666 ever
404 638 440 663 be
443 637 452 661 .

953 498 985 502 BA55

200 677 217 704 3
238 677 256 704 "
271 677 346 706 Fear
368 678 421 705 not
432 678 439 705 :
462 679 478 706 I
495 679 541 706 am
561 679 632 708 with
650 680 719 709 thee
731 681 738 708 :
764 681 786 708 O
802 681 837 708 be
860 682 914 709 not
929 682 976 710 dis-

318 720 421 752 may'd
432 720 444 751 !

200 757 216 793 I
219 757 226 793 ,
245 757 261 793 I
278 757 324 793 am
341 757 396 794 thy
415 758 480 794 God
486 758 491 794 ,
508 758 567 795 and
585 759 646 795 will
662 759 724 796 still
740 760 809 796 give
825 760 894 797 thee
910 761 962 797 aid
970 761 981 797 :

200 798 250 831 I'll
265 798 443 832 strengthen
460 799 531 834 thee
535 800 539 833 ,
558 800 628 835 help
643 801 712 835 thee
716 801 722 834 ,
734 802 794 835 and
812 802 903 837 cause
918 803 990 837 thee

316 839 348 867 to
363 839 452 869 stand
454 840 463 868 ,

200 878 323 915 Upheld
339 878 379 915 by
395 878 446 915 my
459 878 616 915 righteous
621 878 626 915 ,
646 878 836 915 omnipotent
851 878 935 915 hand
939 878 946 915 .

198 918 217 952 4
238 918 258 952 "
270 918 366 953 When
383 919 516 955 through
533 920 583 955 the
601 920 677 956 deep
693 921 799 957 waters
817 923 832 957 I
849 923 908 959 call
918 924 991 959 thee

315 961 349 989 to
362 967 402 995 go
401 971 412 996 ,

201 997 265 1030 The
279 997 374 1031 rivers
390 998 425 1031 of
437 999 481 1031 wo
498 999 577 1033 shall
590 1000 644 1034 not
658 1000 729 1034 thee
746 1001 883 1035 overflow
894 1003 905 1035 ;

201 1037 260 1072 For
276 1037 291 1071 I
308 1038 371 1073 will
384 1038 420 1072 be
437 1038 509 1074 with
526 1039 595 1075 thee
599 1040 605 1074 ,
623 1041 679 1076 thy
695 1041 828 1077 troubles
845 1043 874 1077 to
891 1043 972 1079 bless
973 1044 982 1078 ,

198 1079 270 1112 And
287 1078 419 1113 sanctify
435 1080 464 1113 to
480 1080 547 1113 thee
564 1080 619 1113 thy
635 1080 760 1115 deepest
776 1081 900 1116 distress
904 1082 911 1115 .

200 1120 219 1156 5
239 1120 259 1156 "
269 1120 368 1158 When
393 1121 523 1159 through
549 1123 624 1161 fiery
650 1124 736 1162 trials
762 1126 817 1163 thy
843 1126 989 1165 pathway

316 1159 398 1193 shall
408 1164 451 1195 lie
451 1167 461 1195 ,

201 1204 255 1242 My
271 1204 361 1242 grace
364 1204 369 1242 ,
387 1204 429 1242 all
430 1204 441 1242 -
443 1204 594 1242 sufficient
597 1204 602 1242 ,
619 1204 697 1242 shall
713 1204 750 1242 be
765 1204 820 1242 thy
836 1204 946 1242 supply
954 1204 964 1242 :

200 1235 266 1271 The
281 1236 370 1272 flame
386 1238 463 1273 shall
479 1239 531 1274 not
546 1239 615 1275 hurt
631 1241 701 1276 thee
713 1242 720 1276 :
742 1242 758 1276 I
774 1242 845 1278 only
861 1243 969 1279 design

201 1282 271 1316 Thy
283 1282 371 1316 dross
385 1282 415 1316 to
431 1282 573 1318 consume
578 1283 584 1317 ,
601 1283 663 1317 and
677 1284 732 1318 thy
748 1284 819 1318 gold
834 1284 862 1318 to
879 1284 973 1319 refine
977 1285 984 1319 .

200 1323 217 1358 6
239 1323 260 1358 "
273 1323 347 1360 E'en
364 1324 451 1361 down
467 1326 495 1361 to
514 1326 563 1363 old
583 1327 639 1364 age
644 1328 649 1363 ,
666 1328 707 1363 all
723 1329 773 1365 my
789 1329 895 1366 people
912 1331 988 1367 shall

527 1369 543 1383 <

317 1376 412 1400 prove

199 1405 255 1439 My
269 1404 428 1440 sovereign
432 1406 438 1440 ,
457 1405 570 1441 eternal
575 1406 580 1440 ,
596 1406 829 1442 unchangeable
843 1408 912 1442 love
920 1408 929 1442 ;

200 1440 271 1478 And
277 1441 364 1479 when
377 1442 471 1480 hoary
480 1443 562 1481 hairs
572 1444 649 1482 shall
657 1445 736 1483 their
745 1446 871 1483 temples
883 1447 979 1485 adorn
980 1449 988 1485 ,

199 1484 275 1518 Like
282 1484 380 1519 lambs
389 1485 461 1519 they
471 1485 550 1520 shall
558 1486 620 1520 still
630 1486 660 1520 in
673 1486 721 1521 my
731 1487 832 1522 bosom
841 1488 877 1522 be
885 1488 979 1523 borne
980 1488 987 1522 .

200 1522 220 1554 7
240 1522 261 1554 "
270 1522 332 1556 The
344 1523 410 1557 soul
418 1524 486 1558 that
497 1526 533 1559 on
546 1526 636 1560 Jesus
652 1528 714 1561 still
723 1529 806 1563 leans
818 1530 863 1564 for
872 1531 980 1566 repose
981 1533 988 1565 ,

199 1567 217 1600 I
230 1567 295 1600 will
309 1567 361 1600 not
364 1567 370 1600 ,
388 1567 403 1600 I
419 1567 484 1600 will
498 1567 551 1600 not
567 1567 665 1600 desert
681 1567 707 1600 to
726 1567 773 1600 his
788 1567 852 1600 foes
861 1567 871 1600 :

201 1608 281 1643 That
295 1608 361 1643 soul
363 1608 369 1643 ,
381 1608 498 1643 though
514 1608 555 1643 all
570 1608 632 1643 hell
649 1608 756 1643 should
771 1608 946 1643 endeavour
957 1608 988 1643 te

314 1650 412 1678 shake
413 1650 423 1678 ,

203 1687 251 1718 I'll
265 1687 358 1718 never
360 1687 367 1718 ,
383 1687 421 1718 no
436 1687 525 1718 never
526 1687 532 1718 ,
550 1687 590 1718 NO
606 1687 718 1718 NEVER
731 1687 852 1718 forsake
853 1687 864 1718 .
863 1687 882 1718 "
