2558 3789
299 500 326 547 4
353 499 537 548 Because
559 501 678 550 Thou
698 502 762 549 art
784 502 1003 551 exceeding
1022 504 1140 553 great
1142 505 1151 552 ,

405 556 502 606 And
522 556 654 607 works
676 557 730 606 by
751 557 861 608 Thee
882 558 950 607 are
970 558 1079 609 done

353 610 500 651 Which
520 610 588 651 are
608 610 652 651 to
673 610 723 651 be
743 610 929 651 admired
942 610 952 651 ;
974 610 1054 651 and
1078 610 1196 651 Thou

405 662 485 711 Art
506 662 599 713 God
620 662 795 713 Thyself
809 663 928 714 alone
928 665 939 714 .

1149 386 1431 429 HYMNS
1434 386 1452 424 .

300 751 324 801 5
352 751 479 801 Teach
500 751 563 801 me
580 752 671 802 Thy
691 752 778 802 way
783 752 789 802 ,
813 752 892 803 and
913 753 953 803 in
977 753 1068 803 Thy
1086 753 1204 804 truth
1205 754 1214 804 ,

408 808 442 850 O
467 808 580 850 Lord
584 808 591 850 ,
614 808 713 850 then
736 808 837 850 walk
859 808 942 850 will
959 808 981 850 I
998 808 1009 850 ;

358 858 479 908 Unite
501 859 568 908 my
589 859 706 909 heart
711 861 717 909 ,
741 861 830 910 that
851 861 873 909 I
895 862 985 911 Thy
1003 862 1127 912 name

406 912 507 961 May
523 913 611 962 fear
631 914 882 964 continually
884 917 890 964 .

299 999 322 1048 6
356 999 391 1048 O
412 999 525 1048 Lord
527 999 534 1048 ,
559 999 627 1048 my
650 999 743 1048 God
747 999 754 1048 ,
780 999 877 1048 with
897 999 951 1048 all
971 999 1041 1048 my
1058 999 1177 1048 heart

405 1045 469 1092 To
489 1047 601 1094 Thee
621 1050 644 1095 I
663 1050 746 1098 will
763 1052 856 1100 give
876 1054 1014 1103 praise
1028 1058 1038 1103 ;

352 1106 447 1152 And
468 1106 489 1152 I
509 1106 579 1152 the
599 1107 718 1154 glory
739 1107 820 1154 will
840 1107 999 1155 ascribe

407 1156 521 1206 Unto
543 1158 635 1208 Thy
653 1160 772 1210 name
792 1163 942 1213 always
944 1166 953 1213 .

302 1248 370 1299 Ps
378 1248 388 1298 .
410 1247 515 1298 119

647 1262 821 1296 Sixteenth
840 1265 933 1297 Part
934 1266 943 1297 :

300 1333 324 1380 1
354 1333 425 1380 My
444 1333 538 1382 soul
555 1334 629 1381 lies
650 1334 834 1383 cleaving
855 1336 899 1383 to
918 1336 990 1383 the
1010 1336 1110 1385 dust
1111 1337 1121 1384 ,

407 1388 523 1434 Lord
524 1388 532 1434 ,
555 1388 650 1434 give
668 1388 733 1434 me
751 1388 824 1434 life
842 1388 980 1434 divine
995 1388 1006 1434 ;

354 1434 480 1484 From
500 1436 596 1486 vain
614 1437 770 1488 desires
791 1439 873 1489 and
895 1440 1016 1490 every
1032 1442 1122 1492 lust
1122 1443 1134 1491 ,

408 1492 526 1540 Turn
545 1492 608 1539 off
619 1493 740 1541 these
759 1493 853 1541 eyes
875 1494 920 1541 of
937 1494 1046 1543 mine
1047 1495 1057 1542 .

299 1580 324 1627 2
355 1580 488 1628 When
511 1581 606 1630 sore
624 1582 841 1632 afflictions
862 1584 981 1633 press
1000 1586 1065 1634 me
1085 1586 1206 1635 down
1209 1588 1220 1635 ,

405 1626 431 1676 I
447 1626 555 1679 need
575 1629 666 1681 Thy
685 1632 935 1688 quickening
954 1639 1116 1692 powers
1127 1643 1136 1692 ;

354 1687 448 1737 Thy
467 1687 582 1738 word
583 1688 590 1737 ,
614 1688 704 1738 that
725 1689 747 1738 I
767 1689 869 1739 have
888 1689 1025 1740 rested
1047 1690 1098 1740 on
1103 1691 1112 1740 ,

414 1745 532 1791 Shall
546 1745 644 1791 help
663 1745 733 1791 my
753 1745 935 1791 heaviest
955 1745 1082 1791 hours
1084 1745 1093 1791 .

302 1825 328 1873 3
354 1825 438 1874 Are
456 1826 532 1876 not
552 1827 645 1877 Thy
663 1828 832 1879 mercies
857 1830 1071 1881 sovereign
1092 1833 1180 1883 still
1178 1834 1188 1882 ,

408 1882 503 1920 And
526 1882 645 1922 Thou
666 1883 687 1921 a
707 1883 872 1922 faithful
894 1884 986 1922 God
998 1884 1019 1922 ?

357 1932 461 1980 Wilt
477 1934 597 1981 Thou
617 1935 695 1983 not
713 1936 840 1984 grant
858 1938 923 1985 me
944 1939 1118 1988 warmer
1131 1941 1220 1989 zeal
1220 1943 1230 1989 ,

410 1993 473 2040 To
489 1993 571 2040 run
590 1993 661 2040 the
680 1993 877 2040 heavenly
896 1993 999 2040 road
1006 1993 1024 2040 ?

300 2072 328 2119 4
356 2072 467 2121 Does
488 2073 565 2122 not
582 2075 652 2123 my
671 2075 789 2124 heart
808 2077 900 2126 Thy
918 2078 1108 2128 precepts
1126 2080 1221 2129 love
1222 2082 1232 2129 ,

410 2131 506 2175 And
523 2131 622 2175 long
644 2132 687 2176 to
710 2132 777 2176 see
798 2132 888 2177 Thy
906 2133 996 2177 face
1009 2133 1027 2177 ?

357 2177 454 2233 And
472 2179 541 2234 yet
562 2181 653 2235 how
676 2182 776 2238 slow
797 2184 866 2238 my
887 2186 1029 2241 spirits
1048 2188 1168 2244 move
1166 2190 1175 2243 ,

411 2231 605 2278 Without
624 2236 858 2284 enlivening
880 2241 1003 2287 grace
1015 2245 1027 2287 !

304 2317 330 2366 5
358 2317 475 2368 Then
496 2320 603 2371 shall
618 2323 642 2371 I
661 2324 755 2374 love
776 2326 866 2377 Thy
887 2328 1033 2380 gospel
1051 2332 1167 2383 more
1166 2335 1174 2383 ,

412 2375 508 2422 And
527 2377 636 2423 ne'er
654 2378 791 2426 forget
813 2381 905 2427 Thy
924 2382 1040 2429 word
1040 2384 1053 2429 ,

361 2423 494 2476 When
514 2427 538 2476 I
555 2427 661 2479 have
677 2430 752 2481 felt
771 2432 825 2482 its
847 2433 1096 2488 quickening
1113 2439 1252 2491 power

415 2488 471 2522 To
494 2488 605 2523 draw
626 2489 689 2523 me
711 2489 807 2525 near
828 2490 897 2524 the
918 2490 1032 2526 Lord
1033 2491 1043 2525 .

308 2903 335 2950 2
362 2903 419 2950 As
442 2903 629 2952 servants
651 2904 783 2953 watch
804 2905 912 2954 their
932 2906 1117 2955 master's
1139 2907 1248 2956 hand
1253 2909 1261 2956 ,

414 2958 512 3005 And
529 2960 615 3006 fear
634 2962 707 3007 the
725 2963 858 3010 angry
876 2965 1016 3012 stroke
1026 2968 1037 3012 ;

363 3010 424 3052 Or
442 3010 574 3054 maids
594 3012 733 3056 before
753 3014 860 3057 their
879 3016 1066 3060 mistress
1082 3019 1204 3062 stand
1207 3021 1217 3062 ,

416 3067 514 3115 And
533 3068 628 3116 wait
647 3070 670 3116 a
688 3070 877 3119 peaceful
891 3072 990 3120 look
1005 3074 1015 3120 ;

313 3157 339 3207 3
369 3157 426 3207 So
427 3157 436 3207 ,
459 3157 522 3207 for
544 3158 620 3208 our
642 3158 726 3208 sins
732 3158 739 3208 ,
764 3159 822 3209 we
841 3159 973 3210 justly
992 3160 1072 3210 feel

418 3211 511 3258 Thy
531 3211 746 3258 discipline
747 3211 756 3258 ,
782 3211 816 3258 O
839 3211 933 3258 God
946 3211 959 3258 ;

364 3261 445 3307 Yet
465 3262 561 3308 wait
579 3263 649 3309 the
667 3264 857 3311 gracious
877 3267 1062 3314 moment
1081 3269 1167 3315 still
1167 3270 1176 3314 ,

421 3318 499 3357 Till
521 3318 636 3358 Thou
656 3319 818 3359 remove
839 3321 909 3360 the
929 3321 1004 3361 rod
1009 3322 1017 3360 .

1306 497 1334 543 4
1363 497 1499 544 Those
1518 498 1609 545 that
1630 499 1667 545 in
1692 499 1837 547 wealth
1858 501 1940 548 and
1959 501 2148 549 pleasure
2168 503 2248 550 live
2251 504 2260 550 ,

1416 557 1507 604 Our
1524 557 1636 604 daily
1652 557 1806 604 groans
1826 557 1970 604 deride
1981 557 1992 604 ;

1359 601 1457 656 And
1476 603 1568 657 Thy
1587 604 1728 660 delays
1746 607 1793 661 of
1808 607 1949 663 mercy
1965 609 2060 664 give

1417 663 1550 709 Fresh
1569 663 1746 709 courage
1766 663 1809 709 to
1830 663 1938 709 their
1957 663 2074 709 pride
2078 663 2088 709 .

1310 747 1335 792 5
1365 746 1453 793 Our
1471 747 1558 794 foes
1579 748 1709 795 insult
1730 750 1776 795 us
1782 750 1790 795 ,
1812 750 1889 797 but
1909 751 1985 798 our
2002 752 2113 798 hope

1416 808 1468 854 In
1489 807 1579 853 Thy
1599 805 1860 853 compassion
1878 805 1955 851 lies
1968 805 1978 850 ,

1365 856 1464 901 This
1484 856 1667 902 thought
1686 857 1790 904 shall
1809 858 1905 903 bear
1926 858 2002 904 our
2023 858 2166 905 spirits
2186 860 2244 905 up
2249 860 2260 905 .

1417 905 1528 950 That
1548 907 1644 951 God
1662 908 1746 953 will
1764 910 1840 955 not
1859 911 2024 957 despise
2025 914 2035 957 .

1312 1003 1382 1055 Ps
1389 1004 1400 1054 .
1422 1002 1527 1054 139

1678 1017 1806 1051 Second
1824 1016 1916 1050 Part
1920 1017 1927 1049 .

1312 1091 1337 1138 1
1364 1090 1416 1137 IN
1435 1089 1490 1136 all
1507 1088 1576 1136 my
1595 1087 1687 1136 vast
1707 1085 1903 1135 concerns
1925 1084 2024 1133 with
2045 1083 2156 1132 Thee
2157 1084 2167 1131 ,

1417 1142 1470 1187 In
1489 1142 1582 1186 vain
1602 1141 1672 1186 my
1691 1141 1783 1185 soul
1803 1139 1938 1185 would
1958 1140 2026 1184 try

1366 1191 1427 1240 To
1449 1191 1556 1240 shun
1578 1191 1669 1240 Thy
1686 1191 1882 1240 presence
1886 1191 1893 1240 ,
1918 1191 2031 1240 Lord
2034 1191 2042 1240 ,
2064 1191 2113 1240 or
2131 1191 2207 1240 flee

1420 1242 1509 1287 The
1529 1244 1664 1290 notice
1683 1247 1730 1291 of
1754 1248 1887 1294 Thine
1906 1251 1979 1295 eye
1980 1252 1991 1295 .

1313 1330 1338 1381 2
1369 1330 1461 1382 Thy
1479 1331 1535 1382 all
1534 1331 1550 1382 -
1550 1331 1831 1385 surrounding
1854 1334 1964 1386 sight
1986 1335 2155 1388 surveys

1420 1390 1496 1436 My
1513 1390 1644 1436 rising
1664 1390 1749 1436 and
1767 1390 1837 1436 my
1854 1390 1942 1436 rest
1944 1390 1954 1436 ,

1370 1443 1445 1491 My
1461 1443 1601 1492 public
1621 1443 1746 1492 walks
1751 1444 1757 1492 ,
1779 1444 1849 1492 my
1868 1444 2028 1494 private
2046 1445 2157 1493 ways
2158 1446 2169 1494 ,

1421 1495 1516 1542 And
1538 1495 1691 1543 secrets
1713 1496 1759 1542 of
1775 1497 1845 1543 my
1864 1497 2004 1545 breast
2007 1498 2016 1544 .

309 2578 379 2627 Ps
386 2578 398 2626 .
422 2576 530 2626 123

307 2656 331 2708 1
362 2656 397 2708 0
419 2656 537 2710 THOU
538 2657 547 2709 ,
570 2656 710 2710 whose
729 2657 850 2711 grace
871 2659 953 2711 and
975 2659 1126 2713 justice
1144 2660 1261 2714 reign
1320 2661 1344 2713 2

415 2707 659 2754 Enthroned
679 2711 808 2756 above
828 2712 899 2757 the
920 2713 1028 2758 skies
1028 2715 1039 2758 ,

363 2763 423 2810 To
440 2763 550 2811 Thee
564 2764 640 2812 our
654 2765 793 2813 hearts
808 2767 941 2814 would
959 2768 1029 2816 tell
1048 2769 1157 2817 their
1171 2770 1266 2818 pain
1270 2772 1280 2818 ,

416 2815 477 2856 To
498 2817 609 2860 Thee
629 2821 689 2861 we
706 2822 776 2864 lift
794 2824 870 2866 our
889 2827 985 2868 eyes
987 2829 996 2868 .

2198 386 2282 423 209

1315 1586 1341 1635 3
1367 1584 1441 1634 My
1460 1582 1662 1634 thoughts
1683 1582 1735 1631 lie
1755 1580 1862 1631 open
1883 1580 1926 1629 to
1947 1578 2020 1629 the
2037 1578 2157 1628 Lord
2155 1578 2166 1627 ,

1423 1639 1571 1687 Before
1590 1638 1747 1686 they're
1766 1637 1924 1685 formed
1947 1636 2089 1684 within
2104 1637 2112 1683 ;

1368 1691 1464 1740 And
1483 1691 1551 1740 ere
1571 1691 1640 1740 my
1658 1691 1738 1740 lips
1759 1691 1998 1740 pronounce
2018 1691 2089 1740 the
2110 1691 2223 1740 word
2225 1691 2236 1740 ,

1423 1742 1489 1779 He
1508 1742 1650 1780 knows
1672 1743 1741 1780 the
1763 1743 1880 1782 sense
1902 1744 1923 1781 I
1943 1744 2060 1782 mean
2065 1745 2073 1782 .

1312 1826 1341 1877 4
1372 1826 1407 1877 0
1416 1826 1430 1877 !
1450 1826 1669 1879 wondrous
1686 1827 1927 1880 knowledge
1931 1829 1939 1880 ,
1952 1829 2056 1882 deep
2071 1830 2154 1881 and
2178 1831 2277 1883 high
2281 1831 2290 1882 ,

1427 1886 1577 1925 Where
1596 1886 1670 1925 can
1692 1886 1716 1925 a
1735 1886 1922 1925 creature
1941 1886 2038 1925 hide
2050 1886 2061 1925 ;

1374 1936 1527 1985 Within
1551 1937 1642 1985 Thy
1662 1937 1831 1986 circling
1852 1939 1959 1986 arms
1984 1939 2005 1986 I
2024 1939 2076 1986 lie
2078 1939 2087 1986 ,

1427 1988 1631 2036 Enclosed
1653 1991 1703 2037 on
1727 1991 1849 2038 every
1868 1993 1957 2039 side
1957 1994 1968 2039 .

1318 2083 1344 2130 5
1374 2082 1430 2129 So
1449 2082 1506 2129 let
1528 2081 1619 2128 Thy
1638 2079 1759 2128 grace
1780 2079 1988 2128 surround
2008 2079 2075 2126 me
2094 2078 2181 2126 still
2179 2078 2191 2125 ,

1425 2126 1521 2174 And
1538 2129 1621 2177 like
1638 2132 1662 2178 a
1682 2133 1869 2183 bulwark
1886 2138 2015 2186 prove
2014 2141 2023 2186 ,

1374 2187 1435 2236 To
1455 2187 1590 2236 guard
1608 2187 1679 2236 my
1698 2187 1790 2236 soul
1809 2187 1913 2236 from
1936 2187 2056 2236 every
2074 2187 2120 2236 ill
2121 2187 2131 2236 ,

1429 2243 1611 2289 Secured
1630 2243 1685 2289 by
1706 2243 1920 2289 sovereign
1938 2243 2033 2289 love
2033 2243 2043 2289 .

1320 2333 1393 2383 H.
1414 2330 1522 2381 525
1626 2350 1738 2390 Death
1753 2351 1793 2389 of
1806 2350 1828 2388 a
1849 2349 1967 2389 Youth
1969 2350 1978 2388 .

1320 2414 1341 2463 1
1374 2413 1507 2464 WHEN
1524 2414 1734 2465 blooming
1752 2415 1883 2466 youth
1902 2416 1936 2465 is
1959 2416 2158 2467 snatched
2178 2418 2292 2468 away

1426 2471 1489 2519 By
1510 2470 1663 2518 death's
1687 2468 1892 2517 resistless
1913 2467 2024 2516 hand
2026 2467 2036 2514 ,

1373 2521 1462 2567 Our
1481 2521 1618 2568 hearts
1639 2522 1710 2568 the
1730 2521 1939 2569 mournful
1959 2522 2113 2570 tribute
2132 2523 2212 2570 pay
2213 2524 2222 2570 ,

1427 2580 1577 2627 Which
1593 2580 1684 2626 pity
1703 2579 1817 2625 must
1835 2578 2011 2625 demand
2016 2579 2026 2624 .

1375 2661 1509 2715 While
1528 2662 1617 2715 pity
1637 2663 1826 2716 prompts
1847 2664 1917 2716 the
1936 2664 2067 2718 rising
2090 2665 2182 2719 sigh
2183 2666 2193 2718 ,

1430 2720 1464 2767 O
1484 2720 1579 2767 may
1598 2720 1680 2767 this
1702 2720 1819 2767 truth
1822 2720 1830 2767 ,
1850 2720 2078 2767 impressed

1375 2776 1491 2823 With
1508 2774 1633 2822 awful
1649 2774 1789 2822 power
1790 2775 1798 2821 ,
1834 2775 1856 2821 "
1865 2774 1889 2820 I
1910 2774 1979 2820 too
2000 2773 2115 2820 must
2133 2773 2200 2819 die
2201 2773 2211 2819 ,
2214 2773 2234 2819 "

1431 2829 1535 2875 Sink
1552 2829 1656 2875 deep
1674 2829 1717 2875 in
1738 2829 1861 2875 every
1879 2829 2019 2875 breast
2022 2829 2029 2875 .

1323 2909 1348 2956 3
1377 2909 1457 2958 Let
1476 2910 1558 2958 this
1580 2911 1671 2959 vain
1693 2911 1819 2960 world
1844 2912 1991 2961 delude
2012 2914 2067 2961 no
2086 2914 2202 2962 more
2213 2915 2223 2962 ;

1430 2968 1588 3014 Behold
1608 2968 1680 3014 the
1699 2968 1857 3014 gaping
1874 2968 1993 3014 tomb
2008 2968 2019 3014 ;

1375 3013 1422 3064 It
1437 3013 1532 3065 bids
1551 3015 1601 3066 us
1622 3015 1727 3067 seize
1745 3017 1818 3068 the
1836 3018 2005 3071 present
2023 3020 2130 3072 hour
2140 3022 2152 3072 ;

1432 3071 1491 3116 To
1493 3071 1508 3115 -
1508 3071 1683 3118 morrow
1703 3073 1828 3119 death
1848 3075 1942 3120 may
1963 3076 2078 3122 come
2078 3078 2087 3122 .

1324 3155 1352 3200 4
1380 3155 1467 3203 The
1485 3157 1598 3205 voice
1617 3160 1664 3206 of
1679 3161 1762 3207 this
1783 3162 1983 3212 alarming
2003 3167 2125 3214 scene
2124 3169 2133 3214 ,

1433 3217 1514 3265 Let
1533 3217 1654 3265 every
1672 3217 1791 3265 heart
1810 3217 1915 3265 obey
1928 3217 1937 3265 ;

1380 3264 1471 3315 Nor
1488 3266 1539 3316 be
1557 3266 1631 3316 the
1647 3267 1846 3318 heavenly
1867 3269 2051 3321 warning
2070 3271 2168 3322 vain
2168 3272 2180 3321 ,

1435 3315 1581 3365 Which
1601 3318 1700 3368 calls
1720 3320 1766 3368 to
1786 3321 1918 3370 watch
1938 3323 2021 3372 and
2039 3325 2141 3375 pray
2142 3327 2153 3374 .
