2872 2138
334 200 402 249 70

421 261 527 290 Words
539 262 618 289 from
635 261 651 288 "
667 261 732 288 The
748 260 838 288 Little
852 259 955 287 Sower
958 260 965 287 .
972 259 986 286 "

446 337 487 372 4

351 596 410 653 9
404 596 429 653 :
445 596 488 653 4

446 647 486 681 4

1254 333 1440 409 FA

420 474 447 510 1.
467 474 542 510 Hail
546 474 552 510 ,
567 474 720 510 brightest
734 474 883 510 morning
893 474 900 510 !
913 474 980 510 hail
983 474 989 510 ,
1005 474 1125 510 blessed
1140 474 1200 510 day
1213 474 1220 510 !
1253 474 1343 510 From
1361 474 1483 510 earthly
1498 474 1582 510 cares
1597 474 1640 510 let
1664 474 1700 510 us
1716 474 1784 510 now
1802 474 1874 510 turn
1902 474 1991 510 away
2001 474 2007 510 ;
2038 474 2167 510 Prompt
2185 474 2215 510 in
2239 474 2295 510 our
2308 474 2446 510 places
2448 474 2455 510 ,

421 507 449 542 2.
467 507 544 542 Sing
548 507 553 542 ,
568 507 649 542 little
662 507 807 542 children
818 507 824 542 !
840 507 928 542 come
932 507 937 542 ,
954 507 1032 542 raise
1045 507 1124 542 your
1137 507 1226 542 voice
1235 507 1241 542 ;
1257 507 1344 542 Jesus
1360 507 1416 542 has
1430 507 1541 542 bless'd
1556 507 1617 542 you
1623 507 1628 542 ,
1646 507 1715 542 now
1731 507 1793 542 you
1809 507 1879 542 may
1893 507 2007 542 rejoice
2014 507 2021 542 ;
2042 507 2117 542 Sing
2121 507 2125 542 ,
2140 507 2252 542 youths
2267 507 2329 542 and
2343 507 2486 542 maidens
2489 507 2495 542 ,

361 845 423 907 9

344 1491 413 1559 9
394 1490 424 1553 :
413 1487 449 1551 #

457 927 537 962 raise
550 927 644 962 every
657 927 745 962 voice
749 927 754 962 ,

452 963 518 994 join
549 963 581 993 in
603 963 657 993 the
673 962 725 992 lay
728 962 736 992 ,

942 194 1085 245 HAIL
1093 195 1104 244 ,
1144 192 1494 244 BRIGHTEST
1538 190 1829 242 MORNING
1848 190 1863 239 !
1880 190 1910 239 *

792 927 923 962 Sweetly
939 927 984 962 we
999 927 1069 962 sing
1081 927 1145 962 and
1160 927 1192 962 re
1193 927 1202 962 -
1201 927 1284 962 joice
1288 927 1296 962 .

791 958 863 990 This
888 958 914 990 is
933 958 987 990 the
1003 958 1106 991 Lord's
1124 959 1204 991 Holy
1219 959 1285 991 Day
1295 959 1305 991 !

898 1285 919 1296 ed

1221 619 1241 648 q

1381 756 1574 777 CHORUS
1579 756 1589 777 .

452 1379 555 1411 hearts
569 1380 632 1410 and
647 1380 750 1412 voices
765 1381 869 1413 strong
879 1382 888 1412 !
936 1382 1012 1413 Sing
1048 1383 1081 1413 to
1126 1383 1182 1408 the
1200 1382 1339 1409 Savior
1359 1383 1462 1409 whom
1481 1384 1527 1409 we

443 1644 465 1687 3
488 1644 577 1687 Sing
579 1644 586 1687 ,
602 1644 730 1687 loving
747 1644 889 1687 parents
893 1644 899 1687 ,
913 1644 992 1687 join
1013 1644 1098 1687 with
1117 1644 1158 1687 us
1173 1644 1233 1687 too
1235 1644 1244 1687 ,

486 1682 534 1720 In
550 1682 618 1721 our
634 1684 820 1724 devotions
839 1687 888 1725 we
904 1688 970 1727 can
990 1690 1051 1728 not
1067 1691 1170 1731 spare
1186 1693 1259 1732 you
1267 1695 1280 1732 ;

487 1733 608 1774 Teach
627 1733 667 1774 us
683 1733 746 1774 the
765 1733 853 1774 Way
859 1733 865 1774 ,
884 1733 943 1774 the
962 1733 1077 1774 Truth
1082 1733 1089 1774 ,
1106 1733 1178 1774 and
1194 1733 1256 1774 the
1275 1733 1355 1774 Life
1365 1733 1375 1774 ;

488 1778 624 1816 Banish
642 1778 691 1816 all
709 1778 801 1816 envy
817 1778 889 1816 and
906 1778 1006 1816 strife
1009 1778 1018 1816 .

577 1819 685 1860 Come
701 1820 751 1860 let
770 1821 809 1860 us
822 1821 900 1862 join
906 1822 913 1861 ,
930 1822 998 1863 etc.

1684 781 1914 927 de

1367 926 1458 961 Come
1471 926 1511 960 let
1523 926 1556 960 us
1568 925 1635 960 join
1649 925 1703 959 the
1714 925 1783 959 soul
1785 924 1795 958 -
1794 923 1953 959 inspiring
1966 923 2042 958 song
2046 923 2051 957 ,
2057 923 2151 957 Wake
2159 921 2299 957 sweetest
2309 921 2421 956 strains
2431 921 2509 955 with

1364 960 1457 990 Come
1469 960 1511 989 let
1520 960 1555 990 us
1563 961 1631 990 join
1637 961 1643 990 ,
1659 961 1716 991 etc.

1580 1384 1597 1411 a
1599 1384 1608 1411 -
1610 1384 1686 1411 dore
1688 1384 1695 1411 ,

2157 259 2186 285 J.
2200 259 2240 285 M.
2256 259 2433 285 KIEFFER
2432 259 2442 285 .

2079 1098 2108 1128 9

1203 1866 1222 1892 *
1230 1866 1321 1892 From
1341 1866 1358 1892 "
1370 1866 1436 1892 The
1454 1866 1610 1892 Welcome
1612 1866 1621 1892 .
1624 1866 1638 1892 "

2154 814 2169 829 B

1775 1379 1919 1409 Honor
1937 1379 2001 1409 and
2015 1379 2117 1409 praise
2120 1379 2126 1409 ,
2142 1379 2181 1409 ev
2228 1381 2259 1401 er
2295 1381 2381 1400 more
2385 1381 2391 1400 .

1519 1643 1542 1684 4
1568 1641 1654 1683 Now
1659 1641 1665 1682 ,
1684 1640 1770 1682 with
1788 1639 1955 1682 devotion
1961 1639 1967 1680 ,
1987 1638 2076 1681 pure
2094 1637 2165 1679 and
2183 1636 2320 1679 sincere
2322 1637 2330 1678 ,

1567 1682 1627 1727 Up
1642 1682 1679 1727 to
1696 1682 1758 1727 the
1773 1682 1900 1727 Savior
1916 1682 1982 1727 our
1999 1682 2119 1727 spirits
2138 1682 2234 1727 draw
2250 1682 2336 1727 near
2348 1682 2357 1727 ;

1565 1728 1696 1769 Thank
1712 1728 1787 1769 him
1807 1728 1860 1769 for
1880 1728 2025 1769 mercies
2030 1728 2036 1769 ,
2057 1728 2260 1769 graciously
2278 1728 2385 1769 given
2388 1728 2398 1769 ,

1569 1775 1709 1813 Pardon
1729 1775 1768 1811 us
1774 1775 1782 1811 ,
1799 1773 1931 1811 Father
1948 1773 1983 1809 in
2004 1771 2140 1809 heaven
2143 1771 2152 1807 .

1665 1819 1773 1859 Come
1792 1819 1838 1859 let
1857 1819 1896 1859 us
1910 1819 1986 1859 join
1992 1819 2000 1859 ,
2016 1819 2082 1859 etc.

2418 1513 2440 1526 KO
