2838 2193
567 365 622 400 23

584 411 624 445 4

423 693 471 746 9
475 693 490 746 :
503 693 622 746 263

583 740 625 776 4

417 1266 582 1321 9:25

483 1318 516 1354 D
508 1319 532 1354 -
532 1321 556 1356 2

415 1826 581 1886 925

481 1877 555 1913 9-2

1090 248 1270 296 HOPES
1299 249 1460 297 THAT
1490 251 1582 297 WE
1615 251 1868 299 CHERISH
1874 253 1885 299 .

601 492 636 535 1.
651 492 744 535 Like
788 492 850 536 the
870 493 941 536 star
945 493 956 536 -
959 493 1051 537 light
1091 494 1131 537 of
1172 495 1255 538 glad
1261 495 1270 538 -
1275 495 1350 538 ness
1356 495 1362 538 ,
1390 496 1505 540 When
1526 496 1552 539 it
1571 496 1703 541 gleams
1723 497 1757 540 in
1784 497 1919 542 death's
1940 499 2004 542 eye
2008 499 2016 542 ,
2038 499 2090 542 Or
2165 505 2226 534 the
2243 505 2418 534 meteor
2463 505 2505 534 of

604 541 637 582 2.
655 541 719 582 All
761 541 824 582 the
841 541 1021 584 pleasures
1069 542 1140 583 and
1186 543 1290 584 pains
1293 543 1302 584 ,
1391 542 1486 581 That
1502 543 1583 582 pass
1601 544 1672 583 o'er
1703 546 1745 583 us
1814 541 1971 582 below
1975 542 1984 581 ,
2039 542 2135 582 Fade
2153 543 2228 582 like
2246 543 2301 583 col
2318 544 2333 583 -
2350 544 2405 583 ors

2458 550 2530 580 and

604 584 636 626 3.
653 584 723 626 She
731 584 810 626 that
819 584 943 628 drinks
956 585 1047 627 from
1060 585 1174 628 time's
1190 586 1278 628 dark
1293 586 1362 629 cup
1368 587 1374 629 ,
1391 587 1467 629 The
1484 587 1605 631 bright
1634 588 1756 631 nectar
1803 589 1843 631 of
1864 589 1998 632 heaven
2004 590 2010 632 ,
2038 590 2120 632 And
2148 590 2211 632 her
2257 590 2419 634 spirit
2440 591 2530 634 then

1052 973 1081 1009 g

1280 974 1307 1011 3

622 1070 706 1116 mad
709 1070 720 1116 -
720 1070 799 1116 ness
802 1070 811 1116 ,
855 1070 901 1116 In
947 1070 1007 1116 the
1033 1070 1209 1116 spirit's
1245 1070 1335 1116 dark

860 1107 915 1152 On
944 1107 1008 1153 the
1025 1108 1108 1154 cold
1129 1109 1199 1155 win
1225 1111 1239 1155 -
1262 1111 1317 1157 ter

619 1117 733 1148 stains

622 1163 766 1202 mounts
783 1163 833 1202 up
857 1163 936 1202 Mid
953 1163 1013 1202 the
1030 1163 1089 1202 glo
1107 1163 1121 1202 -
1131 1163 1202 1202 ries
1261 1165 1304 1194 of

875 1496 1019 1595 HE

595 1627 720 1668 breath
746 1629 788 1668 of
827 1629 924 1670 their
939 1630 1035 1671 birth
1041 1632 1048 1671 ,

595 1673 689 1712 burn
724 1675 812 1714 with
844 1678 919 1715 de-
932 1679 1031 1718 light
1031 1681 1040 1717 ,

597 1715 808 1758 chalice
851 1720 893 1760 of
932 1722 1021 1762 bliss
1021 1724 1031 1762 ,

967 1793 1010 1831 $

1124 1462 1316 1485 CHORUS
1322 1462 1332 1485 .

1512 901 1632 923 SOLO
1641 901 1651 923 .

1692 939 1833 1023 17

1374 1070 1440 1116 sky
1453 1070 1461 1116 ;
1512 1070 1603 1116 Like
1648 1070 1712 1116 the

1361 1112 1455 1158 snow
1468 1114 1479 1158 ;
1505 1114 1569 1160 All

1366 1167 1454 1205 even
1469 1165 1481 1198 ;
1504 1160 1578 1196 But

1771 1074 1965 1116 zephyrs
1982 1074 2061 1114 that
2099 1073 2276 1114 perish
2283 1073 2289 1113 ,
2316 1073 2416 1113 With
2446 1072 2511 1112 the

1644 1119 1705 1149 the
1749 1119 1850 1149 loves
1881 1119 1923 1149 of
1977 1119 2041 1149 the
2097 1115 2160 1147 bos
2184 1117 2198 1147 -
2222 1117 2275 1148 om
2304 1118 2400 1149 That
2436 1119 2513 1151 now

1646 1163 1709 1202 the
1746 1163 1858 1202 world
1879 1163 1986 1202 drugs
2004 1163 2090 1202 with
2108 1163 2215 1202 death
2310 1164 2370 1195 All
2437 1162 2505 1193 the

2515 257 2574 303 83

1479 1478 1577 1556 4
1479 1478 1565 1556 #

1107 1634 1181 1674 Are
1223 1635 1287 1675 the
1332 1635 1442 1676 hopes
1460 1636 1540 1677 that
1580 1638 1632 1677 we

1676 1632 1860 1669 cherish
1867 1632 1875 1669 ,
1921 1632 2015 1669 Poor
2032 1632 2144 1669 bonds
2149 1632 2160 1669 -
2164 1632 2245 1669 men
2291 1632 2332 1669 of
2373 1632 2475 1669 earth
2479 1632 2488 1669 .

1110 1678 1184 1718 Are
1228 1678 1293 1718 but
1340 1678 1405 1718 mil
1424 1678 1436 1718 -
1455 1678 1574 1718 dewed
1592 1678 1629 1718 in
1676 1678 1868 1718 blossom
1874 1678 1881 1718 ,
1919 1678 2003 1718 And
2043 1678 2213 1718 withered
2262 1678 2351 1718 with
2375 1678 2495 1718 blight
2497 1678 2505 1718 .

1108 1724 1158 1755 As
1218 1724 1284 1763 the
1327 1724 1435 1763 night
1479 1724 1517 1763 in
1535 1724 1549 1763 -
1566 1724 1673 1763 gale's
1706 1724 1831 1763 breath
1918 1723 2030 1754 Wafts
2048 1723 2109 1754 the
2126 1723 2232 1754 rattle
2237 1723 2248 1754 -
2252 1723 2388 1754 snake's
2413 1723 2488 1754 hiss
2489 1723 2499 1754 .
