2756 2272
3 1965 41 2067 984

259 364 394 469 E

342 577 445 609 barel

207 1983 282 2059 f

409 890 451 924 2

260 1830 320 1884 9
308 1829 344 1883 :
334 1829 380 1883 2

330 1875 406 1917 0-2

266 1202 448 1272 9b2

326 1253 451 1318 664

528 388 938 470 Praise
987 390 1202 471 and
1261 391 1749 473 Revival
1803 394 2180 476 Songs
2192 396 2215 475 .

444 1018 546 1054 Come
575 1018 611 1054 to

571 1067 602 1093 is

364 1032 392 1052 I.

655 1018 695 1054 Je
740 1019 794 1055 sus
826 1019 916 1055 right
960 1020 980 1056 a
992 1020 1004 1056 -
1018 1020 1092 1056 way
1096 1020 1105 1056 ,
1167 1012 1233 1053 Tar
1234 1012 1246 1053 -
1247 1012 1286 1053 ry
1325 1012 1386 1053 not
1388 1012 1396 1053 ,
1441 1012 1572 1053 tarry

653 1065 729 1102 will
727 1065 741 1100 -
740 1064 802 1101 ing
842 1062 879 1099 to
967 1061 1020 1099 for
1022 1061 1033 1099 -
1036 1061 1111 1099 give
1116 1061 1123 1099 ,
1165 1061 1232 1099 Tar
1233 1061 1244 1099 -
1247 1061 1285 1099 ry
1326 1061 1385 1099 not
1389 1061 1395 1099 ,

1617 1012 1675 1053 not
1678 1012 1684 1053 ,
1714 1012 1816 1053 Come
1847 1012 1913 1053 and
1930 1012 2008 1053 take
2038 1012 2089 1053 his
2106 1012 2196 1053 cross
2225 1012 2257 1053 to
2262 1012 2274 1053 -
2285 1012 2348 1053 day
2352 1012 2362 1053 ,

1441 1061 1571 1099 tarry
1617 1061 1674 1099 not
1679 1061 1685 1099 ,
1712 1061 1785 1099 You
1833 1061 1907 1099 may
1925 1061 2019 1099 come
2034 1061 2068 1099 to
2101 1061 2167 1099 him
2199 1061 2267 1099 and
2281 1061 2350 1099 live
2355 1061 2364 1099 ,

363 1102 397 1147 3.
441 1102 587 1147 Though
602 1102 668 1147 this
685 1102 793 1147 world
808 1102 849 1147 be
865 1102 978 1147 bright
994 1102 1059 1147 and
1075 1102 1138 1147 fair
1142 1102 1149 1147 ,
1165 1102 1231 1147 Tar
1232 1102 1245 1147 -
1248 1102 1284 1147 ry
1325 1102 1384 1147 not
1387 1102 1394 1147 ,
1442 1102 1572 1147 tarry
1617 1102 1677 1147 not
1680 1102 1687 1147 ,
1711 1102 1831 1147 Bright
1844 1102 1857 1147 -
1873 1102 1911 1147 er
1952 1105 1984 1132 is
2028 1105 2091 1142 our
2103 1105 2203 1143 home
2220 1106 2242 1143 "
2244 1106 2291 1143 up
2303 1106 2400 1145 there
2402 1107 2412 1144 ,
2415 1107 2434 1144 "

362 1076 393 1098 2.
440 1066 501 1095 He

1249 1198 1332 1286 #

1572 1189 1637 1303 1

1175 712 1391 752 TARRY
1421 712 1537 752 NOT
1545 712 1558 752 .

843 776 864 808 "
869 776 916 808 He
927 776 989 808 that
1003 776 1113 808 cometh
1127 776 1155 808 to
1169 776 1211 808 me
1227 776 1239 808 I
1253 776 1310 808 will
1321 776 1349 808 in
1363 776 1398 808 no
1411 776 1477 808 wise
1490 776 1549 808 cast
1562 776 1609 808 out
1613 776 1623 808 .
1621 776 1639 808 "
1644 776 1670 808 -
1677 776 1765 808 JOHN
1779 776 1810 808 vi
1812 776 1820 808 ,
1834 776 1867 808 37
1867 776 1877 808 .

419 1642 566 1679 Tarry
597 1645 656 1680 not
658 1647 669 1680 ,

415 1687 510 1722 Tar-
524 1689 560 1723 ry
591 1690 651 1725 not
652 1691 660 1724 ,

419 1735 486 1765 Tar
499 1735 512 1765 -
530 1735 565 1765 ry
596 1736 653 1766 not
657 1736 665 1766 ,

728 1638 862 1677 tarry
907 1636 968 1673 not
975 1637 984 1672 ;
1004 1634 1106 1671 Come
1139 1632 1206 1669 and
1220 1630 1299 1667 take
1344 1628 1397 1665 his

721 1683 853 1719 tarry
898 1683 959 1717 not
966 1683 977 1717 ;
1011 1681 1083 1716 You
1134 1680 1209 1715 may
1226 1679 1323 1715 come
1352 1680 1390 1714 to

726 1727 860 1767 tarry
897 1725 959 1764 not
967 1725 979 1762 ;
1013 1722 1129 1762 Bright
1177 1720 1212 1759 er
1239 1719 1272 1758 is

1347 1731 1405 1750 our

1328 1979 1396 2026 *

1668 804 1784 846 Words
1800 806 1872 847 and
1888 806 1997 848 Music
2013 807 2052 848 by
2070 808 2114 848 L.
2131 808 2176 849 H.
2196 809 2358 850 Dowling
2356 810 2368 850 .

1445 1643 1532 1663 cross

1449 1679 1518 1705 him

1593 1633 1740 1671 today
1744 1635 1753 1671 ,
1799 1635 1895 1673 Tar-
1911 1636 1947 1673 ry
1987 1637 2046 1674 not
2050 1638 2058 1674 ,

1575 1675 1642 1712 and
1673 1677 1739 1714 live
1745 1679 1753 1714 ,
1796 1679 1862 1716 Tar
1878 1681 1891 1716 -
1908 1682 1944 1718 ry
1984 1683 2044 1720 not
2045 1685 2054 1720 ,

1453 1720 1553 1760 home
1571 1721 1591 1759 "
1594 1722 1640 1760 up
1654 1722 1748 1762 there
1752 1723 1759 1761 ,
1765 1723 1780 1761 "
1802 1723 1866 1763 Tar
1882 1724 1894 1762 -
1911 1724 1949 1762 ry
1988 1725 2048 1763 not
2048 1725 2058 1763 ,

2228 1437 2352 1465 Ritard
2354 1437 2362 1465 .

2392 262 2452 303 61

2115 1639 2168 1669 tar
2181 1647 2199 1672 -
2209 1649 2249 1678 ry

2293 1645 2352 1669 not
2356 1647 2364 1669 .

2114 1685 2196 1720 tar-
2209 1687 2247 1721 ry
2292 1689 2353 1722 not
2353 1690 2362 1722 .

2116 1730 2250 1764 tarry
2293 1733 2353 1766 not
2355 1734 2365 1765 .

2455 145 2577 242 &
2470 145 2601 242 e

2439 1966 2548 2060 &
2489 1967 2604 2061 g
