2162 3172
433 444 534 475 Words
552 444 590 474 by
606 444 711 474 FANNY
731 443 854 473 CHURCH
858 443 867 473 .

445 831 510 873 64

435 866 461 895 b
461 866 486 895 -
479 866 505 895 4

762 677 783 695 a

464 671 492 697 1.
527 670 633 697 There
645 670 674 695 is

849 669 935 697 land
965 673 1002 699 ce
1050 668 1102 697 les
1121 670 1136 697 -
1151 670 1216 699 tial
1217 672 1227 699 ,

526 708 637 744 There
652 710 745 745 flows
762 711 824 746 the
853 711 1008 748 peaceful
1044 714 1097 749 riv
1117 714 1131 748 -
1160 715 1196 749 er
1198 715 1205 749 ,

390 1334 478 1368 ピークニュ

391 1360 462 1391 26-6

815 346 925 389 THE
954 346 1098 389 LAND
1131 346 1420 389 CELESTIAL
1425 346 1437 389 .

440 2224 488 2256 点

504 1492 622 1519 Chorus
624 1494 631 1519 .
635 1494 641 1519 ,

1020 684 1032 689 110

1132 444 1216 467 From
1232 444 1249 467 "
1263 444 1353 467 Little
1368 444 1462 468 Sower
1465 445 1473 468 .
1475 445 1490 468 "
1565 444 1594 468 J.
1609 444 1647 470 H.
1661 444 1836 471 ROSECRANS
1838 447 1846 471 .

510 1171 588 1194 And
604 1171 675 1194 o'er
740 1168 786 1191 its
820 1168 866 1191 ho
938 1169 976 1198 ly
1010 1169 1100 1198 beau
1109 1169 1124 1198 -
1130 1170 1169 1199 ty
1173 1170 1183 1199 ,

1251 1166 1368 1194 Floats
1383 1168 1446 1195 not
1481 1170 1501 1195 a
1552 1168 1651 1194 cloud
1666 1169 1705 1194 of
1753 1174 1831 1201 care
1839 1176 1850 1201 ;

509 1212 618 1247 There
629 1212 743 1247 comes
757 1212 803 1247 no
819 1212 898 1247 wail
930 1212 969 1247 of
984 1212 1109 1247 mourn
1114 1212 1124 1247 -
1128 1212 1188 1247 ing
1190 1212 1198 1247 ,
1246 1212 1318 1247 Nor
1338 1212 1449 1247 sound
1482 1212 1525 1247 of
1570 1215 1711 1238 bitter
1740 1215 1838 1238 strife
1840 1215 1848 1238 .

727 1290 767 1332 d

512 2214 603 2293 €

483 2106 596 2134 When
630 2106 702 2134 will
733 2106 776 2134 an
798 2107 811 2135 -
839 2107 909 2135 gels
960 2106 1029 2130 call
1095 2112 1153 2134 me
1153 2112 1161 2133 ,

496 1652 595 1676 Land
609 1652 647 1676 of
694 1650 874 1685 perfect
908 1649 997 1683 beau
1013 1649 1024 1681 -
1036 1649 1074 1681 ty
1078 1649 1087 1681 ,
1158 1646 1278 1682 World
1296 1647 1333 1681 so
1369 1647 1485 1683 bright
1499 1649 1567 1683 and
1604 1649 1672 1683 fair
1673 1650 1681 1684 ,

396 2396 417 2427 2
433 2396 544 2427 There
556 2396 615 2427 are
625 2396 687 2427 the
699 2396 803 2427 sweet
807 2396 818 2427 -
823 2396 940 2427 voiced
956 2396 1073 2427 angels
1077 2396 1085 2427 ,

467 2451 611 2482 Around
625 2451 685 2482 the
696 2451 792 2482 great
808 2451 913 2482 white
925 2451 1053 2482 throne
1055 2451 1064 2482 ,

434 2500 526 2531 Who
538 2500 613 2531 bow
629 2500 666 2531 in
682 2500 815 2531 willing
829 2500 978 2531 homage

467 2554 512 2580 To
527 2554 600 2580 him
617 2554 698 2580 who
710 2554 801 2580 rules
816 2554 917 2580 alone
921 2554 929 2580 .

432 2607 547 2641 Death
559 2607 684 2641 guards
697 2607 759 2641 the
772 2607 896 2641 mystic
911 2607 1041 2641 portals
1044 2607 1053 2641 ,

468 2664 549 2694 And
561 2664 679 2694 gently
694 2664 761 2694 one
773 2664 817 2694 by
832 2664 900 2694 one

435 2719 490 2749 He
502 2719 596 2749 leads
609 2719 645 2749 in
661 2719 776 2749 weary
789 2719 934 2749 mortals
938 2719 945 2749 ,

470 2773 597 2805 Whose
609 2773 745 2805 earthly
761 2773 857 2805 work
872 2773 900 2805 is
913 2773 1004 2805 done
1008 2773 1016 2805 ,

535 2827 635 2859 Land
649 2829 687 2859 of
686 2829 693 2859 ,
707 2829 770 2861 etc.

1805 545 1921 608 TE

1290 669 1321 699 A
1358 668 1465 700 world
1479 669 1585 701 that's
1600 670 1717 702 bright
1731 671 1799 702 and
1813 672 1881 702 fair
1888 672 1899 702 ;

1285 714 1356 740 Be-
1371 714 1477 740 neath
1503 714 1563 740 the
1599 714 1670 740 tree
1704 714 1745 740 of
1797 715 1860 745 life
1863 717 1871 745 ,

1275 2105 1387 2130 When
1406 2105 1499 2130 shall
1516 2105 1534 2130 I

1633 2106 1678 2130 be
1744 2107 1843 2130 there
1853 2107 1867 2130 ?

1883 238 1921 290 5

1175 2395 1193 2428 3
1210 2395 1304 2428 They
1318 2395 1421 2428 stand
1434 2395 1549 2428 before
1562 2395 1621 2428 the
1635 2395 1762 2428 Father
1765 2395 1774 2428 ,

1244 2447 1313 2475 The
1328 2447 1415 2477 Lord
1430 2448 1469 2476 of
1482 2448 1544 2476 life
1558 2449 1626 2477 and
1639 2449 1718 2479 love
1726 2450 1738 2478 ;

1208 2499 1266 2530 He
1278 2499 1396 2530 smiles
1410 2499 1504 2530 upon
1522 2499 1574 2530 his
1590 2499 1747 2530 children
1752 2499 1760 2530 ,

1243 2553 1297 2580 He
1310 2553 1493 2580 welcomes
1508 2553 1603 2580 them
1623 2553 1733 2580 above
1735 2553 1743 2580 .

1211 2602 1292 2637 And
1307 2604 1355 2638 all
1369 2604 1403 2638 in
1416 2605 1542 2640 joyous
1557 2606 1695 2642 singing
1697 2608 1705 2641 ,

1242 2660 1324 2691 And
1338 2660 1441 2692 peace
1456 2661 1508 2692 for
1521 2661 1700 2693 evermore
1702 2663 1710 2693 ,

1211 2712 1319 2746 There
1332 2714 1368 2746 in
1382 2714 1461 2748 that
1475 2716 1527 2749 far
1530 2717 1541 2749 -
1544 2717 1596 2750 off
1603 2717 1754 2752 country
1758 2720 1767 2752 .

1241 2773 1343 2804 Upon
1358 2773 1437 2804 that
1448 2773 1572 2804 golden
1586 2773 1689 2804 shore
1691 2773 1700 2804 .

1309 2828 1407 2857 Land
1422 2828 1461 2857 of
1460 2828 1467 2857 ,
1480 2828 1542 2857 etc.
