2464 3467
635 300 841 334 INDEX
891 300 961 334 OF
1011 300 1367 334 SCRIPTURE
1415 300 1839 334 REFERENCES
1843 300 1855 334 .

306 434 351 476 12
364 434 381 476 :
396 434 437 476 10
439 434 470 476 -
483 434 526 476 In
544 434 664 476 whose
680 434 775 476 hand
792 434 822 476 is
838 434 901 476 the
916 434 995 476 soul
1011 434 1051 476 of
1069 434 1175 476 every
1191 434 1307 476 living
1322 434 1426 476 thing
1431 434 1438 476 ,
1454 434 1523 476 and
1540 434 1605 476 the
1614 434 1737 476 breath
1744 434 1845 476 .....

307 477 350 516 14
365 477 382 516 :
414 477 438 516 2
439 477 473 516 -
486 477 539 516 He
556 477 694 516 cometh
713 477 806 516 forth
824 477 898 516 like
915 477 935 516 a
953 477 1072 516 flower
1087 477 1156 516 and
1173 477 1202 516 is
1220 477 1279 516 cut
1296 477 1399 516 down
1414 477 1422 516 ;
1448 477 1492 516 he
1510 477 1615 516 fleeth
1641 477 1716 516 also
1722 477 1779 516 ...

307 522 352 563 14
366 522 380 563 :
395 522 436 563 10
438 522 471 563 -
483 522 554 563 But
568 522 650 563 man
668 522 766 563 dieth
782 522 851 563 and
868 522 1017 563 wasteth
1037 522 1137 563 away
1150 522 1159 563 ;
1178 522 1246 563 yea
1249 522 1256 563 ,
1273 522 1356 563 man
1373 522 1494 563 giveth
1514 522 1563 563 up
1575 522 1640 563 the
1654 522 1761 563 ghost
1767 522 1775 563 .

308 564 350 606 14
364 564 379 606 :
396 564 440 606 14
436 564 469 606 -
484 564 542 606 All
559 564 621 606 the
637 564 723 606 days
741 564 780 606 of
799 564 858 606 my
876 564 1065 606 appointed
1085 564 1170 606 time
1187 564 1260 606 will
1278 564 1294 606 I
1313 564 1396 606 wait
1401 564 1407 606 ,
1429 564 1484 606 till
1501 564 1559 606 my
1579 564 1714 606 change
1728 564 1826 606 come
1830 564 1839 606 .

308 608 352 645 14
367 608 380 645 :
397 608 437 645 15
438 608 467 645 -
483 608 586 645 Thou
603 608 698 645 shalt
715 608 784 645 call
788 608 794 645 ,
814 608 885 645 and
903 608 919 645 I
936 608 1008 645 will
1025 608 1161 645 answer
1174 608 1255 645 thee
1270 608 1278 645 ;
1301 608 1389 645 thou
1407 608 1483 645 wilt
1500 608 1590 645 have
1607 608 1626 645 a
1643 608 1757 645 desire
1778 608 1815 645 to
1816 608 1843 645 ..

308 650 350 694 16
399 650 440 694 19
439 650 473 694 -
484 650 546 694 My
564 650 708 694 witness
726 650 752 694 is
772 650 805 694 in
823 650 958 694 heaven
962 650 969 694 ,
986 650 1056 694 and
1072 650 1133 694 my
1149 650 1268 694 record
1287 650 1317 694 is
1334 650 1378 694 on
1395 650 1483 694 high
1487 650 1567 694 ....

307 695 349 736 16
367 695 382 736 :
393 695 438 736 22
441 695 474 736 -
481 695 497 736 I
515 695 609 736 shall
626 695 672 736 go
691 695 752 736 the
768 695 847 736 way
864 695 1009 736 whence
1027 695 1042 736 I
1059 695 1149 736 shall
1167 695 1230 736 not
1246 695 1366 736 return
1377 695 1409 736 ..

307 738 350 778 19
391 738 438 778 25
436 738 462 778 -
481 738 549 778 For
566 738 581 778 I
599 738 702 778 know
722 738 799 778 that
817 738 876 778 my
895 738 1086 778 Redeemer
1101 738 1215 778 liveth
1219 738 1225 778 ,
1242 738 1311 778 and
1329 738 1407 778 that
1424 738 1468 778 he
1484 738 1579 778 shall
1592 738 1695 778 stand
1703 738 1714 778 .

303 778 349 821 22
368 778 382 821 :
394 778 439 821 23
439 778 471 821 -
483 778 520 821 If
536 778 623 822 thou
642 779 762 823 return
781 780 816 823 to
834 780 895 823 the
913 780 1101 824 Almighty
1104 781 1111 824 ,
1129 781 1219 824 thou
1236 781 1330 825 shalt
1347 782 1389 825 be
1406 782 1498 825 built
1514 783 1563 826 up
1571 783 1628 826 ...

416 827 509 864 3-0
527 826 605 863 that
624 826 638 863 I
656 824 761 863 knew
781 824 900 862 where
918 825 932 862 I
950 823 1068 862 might
1085 823 1156 861 find
1181 823 1257 860 him
1265 823 1323 860 ...

303 827 349 865 23

305 872 350 911 23

396 872 435 910 10
437 872 468 910 -
482 871 553 910 But
572 871 616 909 he
633 870 801 909 knoweth
821 870 883 908 the
900 869 978 908 way
995 869 1073 907 that
1087 869 1104 907 I
1118 868 1204 907 take
1205 868 1230 906 ..

303 913 350 955 29

413 913 507 955 2-0
525 913 605 955 that
622 913 636 955 I
656 913 746 955 were
762 913 798 955 as
816 913 852 955 in
871 913 1014 955 months
1032 913 1109 955 past
1126 913 1163 955 as
1179 913 1215 955 in
1234 913 1295 955 the
1308 913 1394 955 days
1412 913 1517 955 when
1534 913 1610 955 God
1617 913 1627 955 .

306 956 350 997 30
393 956 439 997 23
441 956 472 997 -
485 956 550 997 For
564 956 578 997 I
596 956 700 997 know
718 956 797 997 that
813 956 901 997 thou
920 956 996 997 wilt
1013 956 1118 997 bring
1137 956 1193 997 me
1208 956 1246 997 to
1262 956 1371 997 death
1377 956 1406 997 ..

306 1002 351 1041 38
417 1002 438 1041 7
438 1002 470 1041 -
485 1002 603 1041 When
620 1002 681 1041 the
700 1002 865 1041 morning
884 1002 973 1041 stars
992 1002 1083 1041 sang
1099 1002 1262 1041 together
1278 1002 1347 1041 and
1365 1002 1414 1041 all
1430 1002 1491 1041 the
1509 1002 1590 1041 sons
1607 1002 1646 1041 of
1666 1002 1740 1041 God
1749 1002 1781 1041 ..

1727 768 1777 773 ...

309 1749 350 1789 19

308 1793 352 1833 19

309 1836 352 1877 19

308 1879 351 1918 19

310 1094 458 1139 PSALMS
482 1094 504 1139 1
518 1094 534 1139 :
549 1094 572 1139 1
573 1094 607 1139 -
614 1094 755 1139 Blessed
773 1094 801 1139 is
820 1094 881 1139 the
899 1094 982 1139 man
999 1094 1079 1139 that
1096 1094 1255 1139 walketh
1273 1094 1338 1139 not
1353 1094 1389 1139 in
1407 1094 1470 1139 the
1486 1094 1630 1139 counsel
1643 1094 1685 1139 of
1701 1094 1765 1139 the
1781 1094 1941 1139 ungodly
1946 1094 2093 1139 .......
2117 1094 2179 1139 631

416 1140 441 1179 8
442 1140 476 1179 -
485 1140 558 1179 Ask
575 1140 615 1179 of
634 1140 692 1179 me
695 1140 701 1179 ,
722 1140 791 1179 and
809 1140 824 1179 I
843 1140 935 1179 shall
952 1140 1036 1179 give
1053 1140 1137 1179 thee
1153 1140 1216 1179 the
1232 1140 1386 1179 heathen
1408 1140 1461 1179 for
1478 1140 1579 1179 thine
1596 1140 1816 1179 inheritance
1818 1140 1848 1179 ..

417 1183 441 1222 8
440 1183 470 1222 -
486 1183 553 1222 For
568 1183 655 1222 thou
660 1183 666 1222 ,
685 1183 775 1222 Lord
780 1183 786 1222 ,
805 1183 888 1222 only
902 1183 1043 1222 makest
1062 1183 1117 1222 me
1136 1183 1243 1222 dwell
1259 1183 1295 1222 in
1314 1183 1427 1222 safety
1430 1183 1439 1222 .
1469 1183 1529 1222 ...

2087 1145 2104 1175 .
2115 1144 2182 1174 390

325 1143 352 1171 2
364 1145 380 1173 :

326 1190 353 1220 4
366 1190 381 1220 :

328 1226 353 1268 5

309 1270 353 1313 11
367 1270 384 1313 :

309 1316 351 1343 15
366 1318 380 1343 :

1836 1169 1866 1175 ..

307 2010 355 2052 23
368 2010 383 2052 :
421 2010 440 2052 1
443 2010 475 2052 -
484 2010 562 2052 The
578 2010 669 2052 Lord
685 2010 714 2052 is
734 2010 791 2052 my
810 2010 988 2052 shepherd
1003 2010 1010 2052 ;
1036 2010 1051 2052 I
1071 2010 1162 2052 shall
1181 2010 1243 2052 not
1261 2010 1358 2052 want
1364 2010 1464 2052 .....

305 2050 353 2089 23
417 2050 441 2089 2
442 2050 473 2089 -
486 2050 540 2090 He
558 2050 705 2091 maketh
722 2051 778 2091 me
796 2052 833 2091 to
851 2052 897 2091 lie
915 2052 1017 2092 down
1036 2053 1073 2092 in
1093 2053 1198 2094 green
1218 2053 1380 2094 pastures
1385 2055 1395 2094 .

306 2101 351 2128 23
417 2097 440 2130 2
443 2097 474 2130 -
487 2097 540 2130 He
556 2097 697 2130 leadeth
715 2097 770 2130 me
788 2097 907 2130 beside
925 2097 987 2130 the
1005 2097 1079 2130 still
1100 2097 1226 2130 waters
1233 2097 1310 2130 ....

2089 306 2179 346 281

2080 411 2177 431 HYMN

2111 440 2180 470 133

2113 484 2180 514 553

2112 528 2180 557 584

2114 571 2176 601 696

2113 614 2178 646 376

2113 658 2178 688 541

2113 702 2178 732 567

2113 747 2179 774 200

2076 790 2088 819 .
2112 788 2179 819 238

2078 835 2088 863 .
2114 833 2177 862 252

2113 876 2179 905 170

2112 917 2179 948 434

2111 962 2179 993 555

2135 1006 2182 1036 92

2030 463 2082 470 ...

2086 1189 2100 1218 .
2139 1189 2185 1218 34

417 1226 442 1268 3
441 1226 474 1268 -
482 1226 545 1268 My
560 1226 658 1268 voice
676 1226 770 1268 shalt
786 1226 873 1268 thou
892 1226 979 1268 hear
995 1226 1030 1268 in
1049 1226 1112 1268 the
1128 1226 1295 1268 morning
1300 1226 1305 1268 ,
1325 1226 1352 1268 O
1371 1226 1461 1268 Lord
1467 1226 1472 1268 ,
1493 1226 1528 1268 in
1547 1226 1608 1268 the
1625 1226 1791 1268 morning
1807 1226 1882 1268 will
1898 1226 1912 1268 I
1928 1226 2039 1268 direct
2042 1226 2092 1268 ...
2119 1226 2184 1268 682

418 1270 440 1313 1
440 1270 473 1313 -
484 1270 527 1313 In
542 1270 606 1313 the
623 1270 712 1313 Lord
730 1270 794 1313 put
811 1270 827 1313 I
845 1270 904 1313 my
925 1270 1018 1313 trust
1031 1270 1038 1313 ;
1063 1270 1144 1313 how
1164 1270 1226 1313 say
1243 1270 1288 1313 ye
1305 1270 1340 1313 to
1358 1270 1417 1313 my
1435 1270 1512 1313 soul
1517 1270 1524 1313 ,
1543 1270 1625 1313 Flee
1642 1270 1677 1313 as
1696 1270 1714 1313 a
1733 1270 1809 1313 bird
1827 1270 1863 1313 to
1875 1270 1966 1313 your
1971 1270 2097 1313 ......
2120 1270 2185 1313 690

419 1313 441 1355 1
441 1313 473 1355 -
485 1313 575 1355 Lord
579 1313 586 1355 ,
604 1313 684 1355 who
700 1313 795 1355 shall
811 1313 913 1355 abide
929 1313 964 1355 in
985 1313 1049 1355 thy
1069 1313 1273 1355 tabernacle
1286 1313 1301 1355 ?
1338 1313 1436 1355 Who
1453 1313 1544 1355 shall
1561 1313 1668 1355 dwell
1684 1313 1719 1355 in
1738 1313 1801 1355 thy
1819 1313 1903 1355 holy
1920 1313 1985 1355 hill
1995 1313 2012 1355 ?
2012 1313 2095 1355 ....
2119 1313 2185 1355 459

417 1352 439 1395 6
441 1352 473 1395 -
486 1352 561 1395 The
573 1353 663 1396 lines
682 1353 740 1396 are
757 1353 867 1397 fallen
886 1354 971 1397 unto
992 1354 1047 1397 me
1065 1355 1100 1398 in
1119 1354 1280 1399 pleasant
1299 1355 1413 1399 places
1431 1356 1439 1399 ;
1460 1356 1526 1399 yea
1531 1356 1537 1399 ,
1559 1357 1574 1400 I
1592 1357 1685 1400 have
1703 1357 1723 1400 a
1742 1357 1873 1402 goodly
1890 1357 2052 1402 heritage
2060 1359 2091 1402 ..
2119 1359 2186 1402 486

308 1401 351 1442 16
366 1401 382 1442 :
398 1401 440 1442 11
440 1401 472 1442 -
485 1401 530 1442 At
548 1401 612 1442 thy
631 1401 725 1442 right
744 1401 839 1442 hand
858 1401 961 1442 there
977 1401 1037 1442 are
1052 1401 1235 1442 pleasures
1253 1401 1488 1442 forevermore
1494 1401 1594 1442 .....

309 1352 351 1395 16

2088 1407 2098 1435 .
2119 1405 2185 1435 420

310 1449 351 1475 17
368 1449 381 1474 :
416 1444 440 1485 5
440 1444 472 1485 -
486 1444 577 1485 Hold
596 1444 642 1485 up
659 1444 718 1485 my
735 1444 862 1485 goings
880 1444 917 1485 in
935 1444 1000 1485 thy
1019 1444 1124 1485 paths
1131 1444 1137 1485 ,
1154 1444 1233 1485 that
1251 1444 1311 1485 my
1329 1444 1498 1485 footsteps
1515 1444 1583 1485 slip
1601 1444 1663 1485 not
1673 1444 1770 1485 .....

2087 1449 2097 1479 .
2123 1449 2187 1479 566

309 1574 353 1613 18

309 1488 353 1531 17
416 1488 441 1531 8
441 1488 472 1531 -
484 1488 586 1531 Keep
602 1488 658 1531 me
673 1488 712 1531 as
729 1488 790 1531 the
807 1488 912 1531 apple
929 1488 969 1531 of
992 1488 1055 1531 the
1074 1488 1137 1531 eye
1140 1488 1147 1531 ,
1165 1488 1250 1531 hide
1266 1488 1325 1531 me
1343 1488 1456 1531 under
1471 1488 1534 1531 the
1551 1488 1696 1531 shadow
1714 1488 1753 1531 of
1773 1488 1838 1531 thy
1856 1488 1971 1531 wings
1977 1488 2010 1531 ..

2087 1496 2099 1525 .
2142 1492 2188 1523 40

308 1531 353 1573 18
367 1531 384 1573 :
396 1531 441 1573 35
441 1531 474 1573 -
483 1531 587 1573 Thou
605 1531 684 1573 hast
700 1531 774 1573 also
790 1531 897 1573 given
916 1531 973 1573 me
989 1531 1052 1573 the
1070 1531 1183 1573 shield
1197 1531 1237 1573 of
1257 1531 1322 1573 thy
1340 1531 1513 1573 salvation
1528 1531 1535 1573 ;
1558 1531 1626 1573 and
1646 1531 1710 1573 thy
1729 1531 1826 1573 right
1844 1531 1941 1573 hand
1957 1531 2044 1573 hath
2050 1531 2102 1573 ...
2125 1531 2187 1573 641

418 1574 440 1613 9
442 1574 474 1613 -
486 1574 539 1613 He
556 1574 679 1613 bowed
693 1574 754 1613 the
771 1574 925 1613 heavens
945 1574 1019 1613 also
1022 1574 1027 1613 ,
1046 1574 1116 1613 and
1134 1574 1232 1613 came
1251 1574 1355 1613 down
1369 1574 1376 1613 ;
1399 1574 1468 1613 and
1486 1574 1657 1613 darkness
1677 1574 1748 1613 was
1767 1574 1877 1613 under
1894 1574 1949 1613 his
1966 1574 2034 1613 feet
2045 1574 2099 1613 ...
2123 1574 2190 1613 632

309 1619 353 1661 18
369 1619 382 1661 :
400 1619 442 1661 11
442 1619 473 1661 -
486 1619 552 1661 His
566 1619 721 1661 pavilion
739 1619 852 1661 round
869 1619 979 1661 about
996 1619 1069 1661 him
1092 1619 1184 1661 were
1199 1619 1287 1661 dark
1307 1619 1435 1661 waters
1452 1619 1520 1661 and
1537 1619 1636 1661 thick
1655 1619 1775 1661 clouds
1794 1619 1832 1661 of
1852 1619 1913 1661 the
1930 1619 2025 1661 skies
2027 1619 2100 1661 ....
2145 1619 2192 1661 45

309 1661 354 1707 19
368 1661 385 1707 :
422 1661 446 1707 1
443 1661 478 1707 -
487 1661 564 1707 The
579 1661 734 1707 heavens
752 1661 890 1707 declare
905 1661 969 1707 the
986 1661 1089 1707 glory
1108 1661 1149 1707 of
1169 1661 1245 1707 God
1260 1661 1271 1707 ;
1293 1661 1363 1707 and
1381 1661 1442 1707 the
1459 1661 1661 1707 firmament
1681 1661 1837 1707 sheweth
1855 1661 1909 1707 his
1927 1661 2046 1707 handy
2048 1661 2102 1707 ...
2124 1661 2192 1707 107

308 1704 353 1746 19
363 1704 380 1746 :
417 1704 440 1746 6
442 1704 474 1746 -
485 1704 551 1746 His
567 1704 677 1746 going
693 1704 786 1746 forth
805 1704 832 1746 is
851 1704 939 1746 from
958 1704 1020 1746 the
1037 1704 1105 1746 end
1123 1704 1163 1746 of
1182 1704 1246 1746 the
1261 1704 1400 1746 heaven
1407 1704 1413 1746 ,
1433 1704 1502 1746 and
1520 1704 1576 1746 his
1592 1704 1718 1746 circuit
1720 1704 1770 1746 ...

2090 1711 2102 1743 .
2125 1708 2189 1742 109

416 1749 440 1789 2
440 1749 474 1789 -
486 1749 562 1789 Day
581 1749 666 1789 unto
684 1749 750 1789 day
769 1749 926 1789 uttereth
947 1749 1072 1789 speech
1078 1749 1085 1789 ,
1108 1749 1178 1789 and
1196 1749 1300 1789 night
1320 1749 1407 1789 unto
1427 1749 1535 1789 night
1555 1749 1717 1789 sheweth
1737 1749 1948 1789 knowledge
1955 1749 1987 1789 ..

417 1793 442 1833 3
441 1793 473 1833 -
486 1793 600 1833 There
615 1793 644 1833 is
661 1793 706 1833 no
723 1793 846 1833 speech
865 1793 930 1833 nor
945 1793 1127 1833 language
1130 1793 1136 1833 ,
1157 1793 1277 1833 where
1293 1793 1390 1833 their
1405 1793 1503 1833 voice
1519 1793 1548 1833 is
1566 1793 1627 1833 not
1645 1793 1752 1833 heard
1761 1793 1882 1833 ......

2091 1755 2100 1785 .
2124 1753 2189 1784 593

2090 1797 2099 1827 .
2126 1796 2191 1826 158

417 1836 439 1877 4
442 1836 474 1877 -
486 1836 592 1877 Their
607 1836 679 1877 line
695 1836 723 1877 is
741 1836 832 1877 gone
845 1836 908 1877 out
925 1836 1081 1877 through
1102 1836 1151 1877 all
1168 1836 1231 1877 the
1248 1836 1347 1877 earth
1352 1836 1359 1877 ,
1377 1836 1447 1877 and
1466 1836 1558 1877 their
1576 1836 1689 1877 words
1707 1836 1742 1877 to
1758 1836 1823 1877 the
1838 1836 1907 1877 end
1915 1836 1924 1877 .

419 1879 441 1918 7
442 1879 473 1918 -
485 1879 560 1918 The
576 1879 643 1918 law
660 1879 698 1918 of
718 1879 779 1918 the
797 1879 889 1918 Lord
905 1879 935 1918 is
954 1879 1085 1918 perfect
1089 1879 1096 1918 ,
1115 1879 1326 1918 converting
1345 1879 1407 1918 the
1423 1879 1502 1918 soul
1505 1879 1547 1918 ...

306 2141 355 2182 23
366 2141 384 2182 :
418 2141 443 2182 3
442 2141 476 2182 -
485 2141 541 2182 He
554 2141 726 2182 restoreth
746 2141 804 2182 my
822 2141 900 2182 soul
917 2141 924 2182 ;
948 2141 994 2182 he
1011 2141 1151 2182 leadeth
1171 2141 1229 2182 me
1243 2141 1279 2182 in
1300 2141 1362 2182 the
1378 2141 1484 2182 paths
1502 2141 1541 2182 of
1560 2141 1824 2182 righteousness
1841 2141 1896 2182 for
1897 2141 1973 2182 ....

306 2186 354 2227 23
417 2186 442 2227 5
443 2186 475 2227 -
486 2186 588 2227 Thou
606 2186 785 2227 preparest
802 2186 821 2227 a
839 2186 936 2227 table
955 2186 1072 2227 before
1088 2186 1146 2227 me
1163 2186 1199 2227 in
1219 2186 1281 2227 the
1299 2186 1464 2227 presence
1481 2186 1521 2227 of
1539 2186 1634 2227 mine
1652 2186 1805 2227 enemies
1810 2186 1835 2227 ..

305 2227 353 2262 25
399 2227 441 2262 14
440 2227 474 2262 -
487 2227 561 2262 The
577 2227 686 2262 secret
704 2227 742 2262 of
762 2227 822 2262 the
842 2227 933 2262 Lord
954 2227 981 2262 is
1002 2227 1087 2262 with
1108 2227 1206 2262 them
1227 2227 1307 2262 that
1325 2227 1399 2262 fear
1415 2227 1487 2262 him
1496 2227 1528 2262 ..

2091 1842 2102 1873 .
2126 1838 2191 1872 108

2090 1885 2101 1915 .
2125 1884 2188 1914 201

308 1922 351 1965 19
369 1922 385 1965 :
398 1922 443 1965 14
440 1922 472 1965 -
486 1922 550 1965 Let
565 1922 629 1965 the
646 1922 760 1965 words
776 1922 815 1965 of
835 1922 894 1965 my
914 1922 1040 1965 mouth
1047 1922 1054 1965 ,
1072 1922 1142 1965 and
1160 1922 1223 1965 the
1238 1922 1469 1965 meditations
1486 1922 1525 1965 of
1544 1922 1605 1965 my
1624 1922 1723 1965 heart
1728 1922 1735 1965 ,
1754 1922 1797 1965 be
1814 1922 2015 1965 acceptable
2021 1922 2105 1965 ....
2148 1922 2194 1965 37

304 1965 354 2008 21
369 1965 384 2008 :
399 1965 441 2008 13
442 1965 474 2008 -
485 1965 534 2008 Be
548 1965 639 2008 thou
655 1965 792 2008 exalted
798 1965 804 2008 ,
823 1965 914 2008 Lord
918 1965 923 2008 ,
943 1965 978 2008 in
998 1965 1099 2008 thine
1116 1965 1196 2008 own
1216 1965 1382 2008 strength
1400 1965 1408 2008 :
1435 1965 1473 2008 so
1491 1965 1566 2008 will
1583 1965 1636 2008 we
1653 1965 1732 2008 sing
1740 1965 1770 2008 ..

2090 1972 2101 2003 .
2126 1971 2191 2002 697

2090 2015 2101 2047 .
2125 2014 2192 2046 308

2091 2060 2103 2090 .
2146 2057 2192 2089 51

2091 2100 2102 2134 .
2126 2098 2192 2133 511

2091 2146 2102 2176 .
2128 2146 2191 2176 102

2091 2189 2103 2219 .
2125 2187 2191 2219 444

2090 2233 2099 2263 .
2125 2231 2190 2263 329

2146 2275 2194 2306 28

2092 2321 2102 2350 .
2127 2320 2191 2349 650

2091 2366 2103 2395 .
2126 2363 2190 2394 502

2090 2410 2104 2438 .
2148 2407 2190 2436 52

2092 2450 2102 2482 .
2126 2450 2190 2482 339

2090 2496 2098 2525 .
2125 2494 2186 2524 342

305 2272 352 2313 27
367 2272 384 2313 :
420 2272 441 2313 1
440 2272 474 2313 -
486 2272 563 2313 The
579 2272 670 2313 Lord
685 2272 714 2313 is
732 2272 791 2313 my
808 2272 902 2313 light
920 2272 991 2313 and
1008 2272 1068 2313 my
1087 2272 1262 2313 salvation
1278 2272 1285 2313 ;
1320 2272 1435 2313 whom
1457 2272 1548 2313 shall
1566 2272 1581 2313 I
1598 2272 1672 2313 fear
1681 2272 1697 2313 ?
1695 2272 1749 2313 ...

304 2315 353 2356 27
369 2315 383 2356 :
418 2315 441 2356 7
440 2315 472 2356 -
482 2315 578 2356 Hear
583 2315 587 2356 ,
606 2315 633 2356 O
652 2315 742 2356 Lord
747 2315 753 2356 ,
776 2315 880 2356 when
898 2315 913 2356 I
931 2315 989 2356 cry
1010 2315 1097 2356 with
1117 2315 1177 2356 my
1194 2315 1294 2356 voice
1309 2315 1320 2356 ;
1319 2315 1432 2356 -and
1447 2315 1585 2356 answer
1598 2315 1655 2356 me
1657 2315 1731 2356 ....

306 2358 352 2400 27
368 2358 382 2400 :
399 2358 439 2400 14
440 2358 470 2400 -
486 2358 583 2400 Wait
601 2358 643 2400 on
662 2358 723 2400 the
741 2358 830 2400 Lord
842 2358 850 2400 ;
877 2358 920 2400 be
937 2358 975 2400 of
997 2358 1088 2400 good
1107 2358 1258 2400 courage
1264 2358 1270 2400 ,
1288 2358 1357 2400 and
1375 2358 1420 2400 he
1438 2358 1529 2400 shall
1551 2358 1759 2400 strengthen
1776 2358 1877 2400 thine
1893 2358 1994 2400 heart
2003 2358 2031 2400 ..

306 2403 352 2443 29
415 2403 440 2443 2
439 2403 472 2443 -
484 2403 573 2443 Give
590 2403 677 2443 unto
695 2403 755 2443 the
773 2403 864 2443 Lord
884 2403 945 2443 the
966 2403 1067 2443 glory
1085 2403 1154 2443 due
1172 2403 1257 2443 unto
1275 2403 1330 2443 his
1350 2403 1454 2443 name
1458 2403 1464 2443 ,
1484 2403 1639 2443 worship
1656 2403 1717 2443 the
1734 2403 1826 2443 Lord
1828 2403 1928 2443 .....

414 2445 439 2489 4
441 2445 475 2489 -
485 2445 576 2489 Sing
591 2445 678 2489 unto
694 2445 754 2489 the
774 2445 864 2489 Lord
869 2445 874 2489 ,
894 2445 924 2489 O
946 2445 991 2489 ye
1007 2445 1116 2489 saints
1134 2445 1172 2489 of
1191 2445 1247 2489 his
1253 2445 1260 2489 ,
1279 2445 1348 2489 and
1368 2445 1451 2489 give
1468 2445 1602 2489 thanks
1619 2445 1654 2489 at
1671 2445 1733 2489 the
1738 2445 1839 2489 .....

307 2445 352 2489 30

306 2491 352 2532 31
418 2491 442 2532 3
440 2491 472 2532 -
485 2491 555 2532 For
568 2491 655 2532 thou
662 2491 668 2532 ,
687 2491 777 2532 Lord
783 2491 789 2532 ,
805 2491 860 2532 art
876 2491 936 2532 my
957 2491 1039 2532 rock
1058 2491 1128 2532 and
1147 2491 1206 2532 my
1229 2491 1372 2532 fortress
1384 2491 1395 2532 ;
1397 2491 1535 2532 -Lead
1554 2491 1611 2532 me
1614 2491 1620 2532 ,
1638 2491 1708 2532 and
1725 2491 1832 2532 guide
1848 2491 1904 2532 me
1909 2491 1943 2532 ..

306 2532 355 2574 31
415 2532 440 2574 5
439 2532 471 2574 -
483 2532 564 2574 Into
580 2532 682 2574 thine
698 2532 792 2574 hand
810 2532 823 2574 I
842 2532 989 2574 commit
1007 2532 1066 2574 my
1085 2532 1187 2574 spirit
1205 2532 1212 2574 ;
1239 2532 1326 2574 thou
1345 2532 1426 2574 hast
1446 2532 1628 2574 redeemed
1647 2532 1703 2574 me
1708 2532 1714 2574 ,
1733 2532 1759 2574 O
1778 2532 1870 2574 Lord
1871 2532 1905 2574 ..

2090 2540 2101 2570 .
2124 2536 2190 2569 243

2090 2625 2099 2655 .
2121 2624 2188 2654 466

305 2577 353 2620 31
368 2577 383 2620 :
417 2577 441 2620 7
442 2577 474 2620 -
483 2577 502 2620 I
520 2577 595 2620 will
611 2577 653 2620 be
670 2577 753 2620 glad
771 2577 839 2620 and
858 2577 984 2620 rejoice
1000 2577 1037 2620 in
1056 2577 1119 2620 thy
1138 2577 1255 2620 mercy
1270 2577 1279 2620 ;
1305 2577 1358 2620 for
1374 2577 1463 2620 thou
1483 2577 1564 2620 hast
1582 2577 1786 2620 considered
1804 2577 1865 2620 my
1883 2577 2022 2620 trouble
2022 2577 2097 2620 ....
2121 2577 2190 2620 510

306 2619 353 2661 31
367 2619 380 2661 :
399 2619 438 2661 15
440 2619 470 2661 -
483 2619 546 2661 My
563 2619 667 2661 times
684 2619 743 2661 are
760 2619 795 2661 in
813 2619 878 2661 thy
896 2619 992 2661 hand
1006 2619 1012 2661 ;
1038 2619 1172 2661 deliver
1188 2619 1244 2661 me
1262 2619 1350 2661 from
1371 2619 1433 2661 the
1449 2619 1544 2661 hand
1565 2619 1603 2661 of
1625 2619 1723 2661 mine
1739 2619 1895 2661 enemies
1896 2619 1989 2661 .....

307 2664 352 2706 31
368 2664 383 2706 :
393 2664 439 2706 20
439 2664 472 2706 -
483 2664 587 2706 Thou
603 2664 698 2706 shalt
715 2664 798 2706 hide
813 2664 911 2706 them
929 2664 964 2706 in
983 2664 1045 2706 the
1062 2664 1172 2706 secret
1189 2664 1227 2706 of
1248 2664 1315 2706 thy
1331 2664 1494 2706 presence
1512 2664 1601 2706 from
1623 2664 1685 2706 the
1703 2664 1801 2706 pride
1818 2664 1855 2706 of
1875 2664 1957 2706 man
1959 2664 1986 2706 ..

305 2713 352 2745 34
368 2713 382 2745 :
420 2706 443 2749 7
443 2706 477 2749 -
486 2706 563 2749 The
577 2706 682 2749 angel
698 2706 737 2749 of
756 2706 819 2749 the
837 2706 929 2749 Lord
947 2706 1157 2749 encampeth
1177 2706 1289 2749 round
1305 2706 1415 2749 about
1432 2706 1527 2749 them
1548 2706 1628 2749 that
1646 2706 1721 2749 fear
1736 2706 1812 2749 him
1821 2706 1880 2749 ...

307 2751 352 2791 35
398 2751 439 2791 18
439 2751 471 2791 -
484 2751 499 2791 I
518 2751 592 2792 will
607 2752 688 2792 give
704 2752 787 2792 thee
803 2752 937 2794 thanks
954 2753 990 2793 in
1013 2753 1076 2793 the
1091 2754 1191 2794 great
1207 2753 1459 2795 congregation
1468 2755 1548 2795 ....

2089 2669 2100 2699 .
2145 2669 2187 2699 13

2087 2713 2100 2742 .
2122 2712 2187 2741 642

2087 2757 2100 2787 .
2141 2754 2187 2786 43

306 2794 349 2837 36

2087 2799 2099 2830 .
2122 2799 2185 2830 131

306 2839 351 2879 36

414 2794 438 2836 5
438 2794 469 2836 -
481 2793 561 2836 Thy
578 2792 693 2835 mercy
699 2793 706 2835 ,
726 2793 754 2835 O
775 2792 867 2834 Lord
872 2792 878 2834 ,
894 2792 922 2834 is
941 2792 975 2834 in
996 2791 1056 2833 the
1073 2790 1227 2834 heavens
1240 2790 1247 2832 ;
1274 2790 1345 2832 and
1361 2790 1425 2832 thy
1443 2788 1669 2832 faithfulness
1697 2787 1864 2831 reacheth
1868 2788 1893 2830 ..

416 2839 438 2879 9
441 2839 473 2879 -
484 2839 552 2879 For
567 2839 657 2879 with
671 2839 751 2879 thee
768 2839 797 2879 is
814 2839 877 2879 the
894 2839 1055 2879 fountain
1073 2839 1111 2879 of
1131 2839 1192 2879 life
1209 2839 1217 2879 ;
1241 2839 1277 2879 in
1296 2839 1360 2879 thy
1378 2839 1475 2879 light
1492 2839 1587 2879 shall
1605 2839 1657 2879 we
1675 2839 1733 2879 see
1748 2839 1844 2879 light
1845 2839 1853 2879 .

419 2883 442 2923 7
440 2883 472 2923 -
485 2883 572 2923 Rest
587 2883 622 2923 in
642 2883 703 2923 the
721 2883 812 2923 Lord
818 2883 823 2923 ,
845 2883 913 2923 and
932 2883 1016 2923 wait
1032 2883 1207 2923 patiently
1226 2883 1277 2923 for
1295 2883 1368 2923 him
1378 2883 1478 2923 .....

2087 2845 2095 2872 .
2120 2843 2185 2871 490

306 2883 353 2923 37

2119 2885 2187 2918 457

306 2927 350 2967 39

307 2969 351 3011 39

416 2927 439 2967 4
441 2927 472 2967 -
485 2927 578 2967 Lord
582 2927 589 2967 ,
606 2927 711 2967 make
728 2927 785 2967 me
802 2927 838 2967 to
855 2927 960 2967 know
981 2927 1077 2967 mine
1094 2927 1161 2967 end
1166 2927 1171 2967 ,
1190 2927 1257 2967 and
1276 2927 1338 2967 the
1354 2927 1516 2967 measure
1532 2927 1571 2967 of
1589 2927 1651 2967 my
1668 2927 1753 2967 days
1758 2927 1765 2967 ,
1783 2927 1880 2967 what
1898 2927 1929 2967 it
1945 2927 1976 2967 is
1979 2927 2096 2967 ......
2120 2927 2187 2967 568

416 2969 439 3011 5
438 2969 470 3011 -
482 2969 617 3011 Behold
634 2969 722 3011 thou
739 2969 820 3011 hast
837 2969 941 3011 made
957 2969 1018 3011 my
1034 2969 1119 3011 days
1138 2969 1173 3011 as
1189 2969 1234 3011 an
1252 2969 1498 3011 handbreadth
1513 2969 1520 3011 ;
1545 2969 1614 3011 and
1632 2969 1727 3011 mine
1743 2969 1810 3011 age
1826 2969 1856 3011 is
1880 2969 1919 3011 as

418 3013 440 3053 7
440 3013 472 3053 -
486 3013 564 3053 And
579 3013 659 3053 now
664 3013 670 3053 ,
689 3013 780 3053 Lord
786 3013 791 3053 ,
808 3013 905 3053 what
924 3013 1007 3053 wait
1025 3013 1039 3053 I
1058 3013 1109 3053 for
1122 3013 1136 3053 ?
1159 3013 1219 3053 my
1236 3013 1327 3053 hope
1344 3013 1371 3053 is
1390 3013 1423 3053 in
1443 3013 1526 3053 thee
1532 3013 1612 3053 ....

2119 2972 2187 3003 124

307 3013 352 3053 39

306 3058 351 3100 39

417 3058 439 3099 9
436 3058 485 3099 --
484 3058 501 3099 I
518 3057 591 3098 was
607 3056 717 3098 dumb
722 3057 728 3098 ,
746 3056 762 3097 I
778 3055 910 3098 opened
929 3055 991 3097 not
1009 3055 1068 3096 my
1085 3053 1210 3096 mouth
1223 3054 1230 3095 ;
1256 3053 1405 3095 because
1421 3053 1509 3094 thou
1525 3052 1620 3094 didst
1633 3052 1666 3093 it
1667 3052 1717 3093 ...

303 3097 349 3142 40
399 3097 511 3142 11-0
533 3097 623 3142 Lord
630 3097 636 3142 ,
652 3097 702 3142 let
720 3097 784 3142 thy
797 3097 919 3142 loving
923 3097 935 3142 -
937 3097 1107 3142 kindness
1124 3097 1192 3142 and
1205 3097 1267 3142 thy
1286 3097 1384 3142 truth
1405 3097 1622 3142 continually
1638 3097 1800 3142 preserve
1816 3097 1875 3142 me
1881 3097 1892 3142 .

305 3144 353 3186 48
368 3144 385 3186 :
420 3144 442 3186 1
442 3144 478 3186 -
487 3144 596 3186 Great
612 3144 641 3186 is
659 3144 720 3186 the
738 3144 828 3186 Lord
833 3144 839 3186 ,
862 3144 931 3186 and
948 3144 1086 3186 greatly
1103 3144 1140 3186 to
1157 3144 1201 3186 be
1216 3144 1355 3186 praised
1371 3144 1408 3186 in
1425 3144 1487 3186 the
1504 3144 1574 3186 city
1591 3144 1631 3186 of
1649 3144 1715 3186 our
1732 3144 1806 3186 God
1815 3144 1873 3186 ...

2119 3018 2183 3047 332

2117 3060 2184 3091 449

2118 3106 2185 3134 223

2163 3149 2185 3181 6
