1683 2404
737 297 947 335 HYMNS
951 298 961 334 .

424 388 509 436 Are
527 388 649 436 robed
668 389 709 437 in
730 389 835 437 their
848 389 1049 439 garments
1071 390 1116 438 of
1131 390 1251 439 white
1252 391 1262 439 .

316 455 429 499 Over
445 456 559 500 there
562 458 571 500 ,
591 458 688 502 over
705 459 820 503 there
821 461 831 503 ,

319 513 353 554 O
358 513 368 554 ,
381 513 502 554 think
521 513 567 554 of
580 513 648 554 the
669 513 785 554 home
806 513 900 554 over
921 513 1035 554 there
1035 513 1046 554 .

319 612 345 659 2
373 612 407 659 O
412 612 422 659 ,
442 612 558 661 think
579 613 627 660 of
639 613 709 661 the
728 614 877 662 friends
898 615 993 663 over
1012 615 1126 664 there
1129 616 1139 663 ,

427 668 535 717 Who
556 668 690 718 before
709 669 753 718 us
774 669 842 718 the
858 669 1027 720 journey
1049 670 1154 720 have
1171 671 1263 720 trod
1266 671 1277 720 ,

371 725 435 772 Of
446 725 514 772 the
532 725 646 772 songs
668 725 758 772 that
779 725 871 772 they
894 725 1059 772 breathe
1079 725 1127 772 on
1149 725 1220 772 the
1239 725 1301 772 air
1301 725 1311 772 ,

427 777 478 826 In
499 777 603 826 their
629 777 747 827 home
766 778 806 827 in
828 778 897 827 the
915 778 1057 829 palace
1076 779 1120 828 of
1135 779 1228 828 God
1230 779 1242 828 .

319 844 431 886 Over
449 845 562 887 there
564 847 572 887 ,
593 847 689 888 over
707 847 820 889 there
821 849 831 889 ,

320 899 357 944 O
360 899 371 944 ,
388 899 509 944 think
527 899 573 944 of
585 899 658 944 the
674 899 824 944 friends
846 899 940 944 over
959 899 1074 944 there
1074 899 1084 944 .

323 1005 347 1056 3
376 1005 451 1056 My
470 1005 643 1058 Saviour
666 1007 697 1058 is
719 1007 805 1059 now
826 1007 921 1060 over
941 1008 1053 1061 there
1055 1009 1063 1060 ,

428 1058 559 1109 There
574 1058 640 1109 my
661 1058 832 1109 kindred
862 1058 940 1109 and
962 1058 1111 1109 friends
1132 1058 1202 1109 are
1228 1058 1271 1109 at
1285 1058 1366 1109 rest
1375 1058 1388 1109 ;

376 1115 489 1162 Then
510 1115 622 1163 away
636 1116 736 1163 from
760 1117 826 1163 my
846 1117 991 1165 sorrow
1012 1118 1091 1164 and
1113 1118 1205 1165 care
1206 1119 1214 1165 ,

431 1169 510 1219 Let
527 1169 591 1218 me
608 1168 665 1218 fly
682 1168 725 1217 to
743 1168 813 1217 the
830 1166 928 1216 land
947 1167 994 1216 of
1003 1166 1071 1215 the
1091 1165 1195 1215 blest
1197 1165 1208 1214 .

322 1231 435 1276 Over
450 1233 565 1278 there
565 1235 575 1277 ,
594 1236 690 1280 over
707 1237 824 1282 there
825 1240 835 1282 ,

324 1291 400 1338 My
418 1291 588 1338 Saviour
606 1291 640 1338 is
660 1291 746 1338 now
775 1291 871 1338 over
889 1291 1003 1338 there
1002 1291 1011 1338 .

324 1391 351 1433 4
378 1391 448 1433 I'll
465 1391 559 1433 soon
577 1391 625 1433 be
645 1391 686 1433 at
707 1391 823 1433 home
844 1391 938 1433 over
956 1391 1071 1433 there
1075 1391 1085 1433 ,

432 1437 517 1491 For
532 1438 602 1492 the
627 1440 705 1493 end
726 1441 774 1494 of
783 1442 850 1495 my
866 1442 1037 1497 journey
1059 1445 1081 1497 I
1096 1445 1160 1499 see
1172 1447 1184 1499 ;

380 1500 509 1548 Many
528 1500 622 1548 dear
642 1500 683 1548 to
698 1500 763 1548 my
786 1500 900 1548 heart
921 1500 1015 1548 over
1032 1500 1148 1548 there
1151 1500 1161 1548 ,

433 1554 520 1602 Are
537 1554 741 1602 watching
757 1554 835 1602 and
859 1554 1025 1602 waiting
1043 1554 1107 1602 for
1123 1554 1185 1602 me
1187 1554 1198 1602 .

323 1607 439 1656 Over
453 1608 568 1657 there
569 1610 579 1657 ,
597 1610 695 1659 over
711 1611 828 1660 there
827 1613 839 1660 ,

328 1670 399 1708 I'll
414 1670 509 1708 soon
530 1670 579 1708 be
598 1670 640 1708 at
661 1670 777 1708 home
804 1670 898 1708 over
918 1670 1033 1708 there
1034 1670 1044 1708 .

327 1788 426 1818 40

1330 299 1381 331 39

874 1744 1088 1827 Hugh
1140 1742 1473 1826 Stowell

383 1843 556 1912 FROM
574 1840 696 1908 every
712 1836 867 1905 stormy
883 1834 991 1902 wind
1008 1832 1100 1899 that
1119 1829 1242 1897 blows
1247 1829 1258 1894 ,

481 1895 603 1945 From
625 1895 746 1945 every
763 1895 941 1945 swelling
962 1895 1045 1945 tide
1066 1895 1110 1945 of
1125 1895 1225 1945 woes
1227 1895 1239 1945 ,

383 1946 513 1992 There
529 1949 563 1992 is
583 1949 607 1992 a
626 1950 729 1994 calm
738 1952 746 1995 ,
763 1952 785 1995 a
801 1952 892 1997 sure
912 1954 1062 1999 retreat
1065 1956 1075 1999 ,

435 1997 455 2043 "
451 1996 517 2044 Tis
535 1998 660 2046 found
679 2000 850 2050 beneath
872 2003 943 2051 the
967 2005 1102 2053 mercy
1103 2007 1116 2053 -
1119 2007 1206 2055 seat
1205 2009 1217 2055 .
