2868 2322
325 288 449 320 Hyman
471 290 522 320 17.
527 290 540 320 ]

487 362 569 388 John
582 362 616 388 P.
634 362 710 388 Ellis
714 363 723 389 .

329 1319 385 1372 9
370 1318 412 1371 :

456 425 511 463 ig

469 477 513 514 8

656 423 756 534 I

1867 418 1962 492 #

432 570 464 604 1.
478 570 615 604 There's
630 570 650 604 a
661 570 753 604 light
767 570 810 604 on
827 570 886 604 the
901 570 988 604 dark
1002 570 1071 604 and
1085 570 1228 604 surging
1241 570 1326 604 deep
1330 570 1337 604 ,
1350 570 1440 604 That
1453 570 1571 604 shines
1587 570 1689 604 when
1704 570 1764 604 the
1778 570 1859 604 loud
1876 570 1989 604 winds
2003 570 2081 604 roar
2085 570 2091 604 ,

429 615 461 647 2.
476 615 613 647 There's
628 615 647 647 a
660 615 749 647 light
762 615 795 647 in
824 615 884 647 the
897 615 1017 647 depths
1033 615 1070 647 of
1080 615 1222 647 surging

1432 613 1523 642 That
1536 612 1679 643 shineth
1695 613 1867 644 forever
1887 614 1985 644 more
1990 615 1995 644 ,
2014 615 2092 644 And

1279 615 1341 647 life
1344 615 1352 647 ,

433 660 460 692 3.
477 660 613 692 There's
629 660 648 692 a
662 660 750 692 light
767 660 800 692 in
820 660 879 692 the
893 660 1017 692 depths
1034 660 1072 692 of
1082 660 1257 692 Christian
1275 660 1391 692 hearts
1396 660 1401 692 ,
1418 660 1507 692 That
1520 660 1653 692 gleams
1669 660 1710 692 on
1727 660 1787 692 the
1800 660 1916 692 crown
1931 660 2046 692 before
2050 660 2057 692 ,

447 730 471 754 16

422 804 508 841 7-8

1152 281 1395 330 WALKING
1424 281 1535 330 THE
1558 281 1658 330 SEA
1659 281 1671 330 .

498 1969 567 1997 From
580 1971 635 1998 THE
646 1972 744 2000 STARRY
756 1974 846 2002 CROWN
850 1976 854 2002 ,
866 1976 897 2003 by
909 1976 1051 2005 permission
1056 1979 1063 2005 .

1784 1391 1863 1447 CDC

2147 303 2181 328 A.
2197 303 2224 328 S.
2241 303 2359 328 Kieffer
2361 303 2369 328 .

1377 983 1531 1105 Eg

435 1128 564 1164 Friend
578 1128 658 1164 who
673 1128 755 1164 does
769 1128 830 1164 not
843 1128 933 1164 sleep
938 1128 944 1164 ,
960 1128 1080 1164 Comes
1096 1128 1139 1164 on
1157 1128 1242 1164 from
1261 1128 1322 1164 the
1339 1128 1439 1164 other
1453 1128 1553 1164 shore
1557 1128 1563 1164 ,
1582 1128 1749 1164 Walking
1763 1128 1825 1164 the
1839 1128 1898 1164 sea
1911 1128 1947 1164 to
1960 1128 2028 1164 you
2045 1128 2114 1164 and
2129 1128 2163 1164 to
2193 1128 2252 1164 me
2255 1128 2262 1164 ,
2307 1128 2466 1164 Keeping
2475 1128 2537 1164 the

433 1174 510 1203 stay
542 1172 593 1201 all
637 1174 692 1210 sin
723 1174 793 1210 and
820 1174 914 1210 strife
917 1174 924 1210 ,
957 1174 991 1210 Is
1006 1174 1089 1210 here
1104 1174 1192 1210 from
1206 1174 1267 1210 the
1282 1174 1378 1210 other
1408 1174 1511 1210 shore
1514 1174 1520 1210 ,
1568 1174 1736 1210 Walking
1751 1174 1839 1210 life's
1854 1174 1912 1210 sea
1915 1174 1922 1210 ,
1938 1174 1972 1210 to
1983 1174 2051 1210 you
2070 1174 2139 1210 and
2154 1174 2190 1210 to
2204 1174 2260 1210 me
2266 1174 2272 1210 ,
2304 1174 2472 1210 Walking
2499 1174 2537 1210 so

611 1218 694 1254 bliss
720 1218 771 1254 im
788 1218 799 1254 -
810 1218 902 1254 parts
907 1218 913 1254 ,
961 1218 1111 1254 Attends
1126 1218 1160 1254 to
1184 1218 1244 1254 the
1259 1218 1359 1254 other
1375 1218 1475 1254 shore
1479 1218 1485 1254 ,
1523 1218 1684 1254 Walking
1699 1218 1785 1254 life's
1801 1218 1858 1254 sea
1873 1218 1957 1254 with
1974 1218 2043 1254 you
2059 1218 2128 1254 and
2145 1218 2230 1254 with
2246 1218 2302 1254 me
2307 1218 2313 1254 ,
2328 1218 2487 1254 Keeping
2499 1218 2536 1254 in

432 1218 515 1244 love
544 1222 565 1246 a

2447 1329 2612 1437 F

1247 1512 1376 1620 JEA

436 1658 527 1690 light
551 1658 591 1690 of
613 1658 651 1690 us
655 1659 661 1691 ,
676 1659 742 1691 e'er
764 1659 798 1691 to
829 1659 985 1693 befriend
992 1660 997 1692 ,
1012 1660 1083 1693 Ev-
1097 1661 1131 1693 er
1162 1661 1198 1693 in
1214 1661 1306 1694 sight
1320 1662 1357 1694 of
1368 1662 1407 1694 us
1432 1662 1550 1696 succor
1564 1663 1598 1695 to
1613 1663 1692 1696 lend
1700 1664 1704 1696 ,
1721 1663 1888 1697 Walking
1902 1665 1963 1697 the
1975 1665 2034 1697 sea
2036 1665 2044 1697 ,
2116 1665 2284 1694 Walking
2297 1665 2358 1694 the
2371 1665 2428 1694 sea
2431 1665 2439 1694 .

436 1704 671 1740 carefully
685 1704 832 1740 seeking
845 1704 880 1740 to
894 1704 966 1740 find
973 1704 979 1740 ,
1006 1704 1058 1740 Ev
1060 1704 1070 1740 -
1073 1704 1108 1740 er
1123 1704 1159 1740 so
1174 1704 1390 1740 prayerfully
1405 1704 1543 1740 earnest
1556 1704 1625 1740 and
1637 1704 1726 1740 kind
1732 1704 1738 1740 ,
1753 1704 1921 1740 Walking
1934 1704 1993 1740 the
2008 1704 2064 1740 sea
2069 1704 2075 1740 ,
2118 1704 2285 1740 Walking
2296 1704 2358 1740 the
2371 1704 2428 1740 sea
2431 1704 2438 1740 .

435 1748 538 1785 reach
554 1748 594 1785 of
603 1748 642 1785 us
645 1748 653 1785 ,
668 1748 848 1785 watching
861 1748 913 1785 for
927 1748 974 1785 all
979 1748 985 1785 ,
999 1748 1126 1785 Caring
1138 1748 1189 1785 for
1204 1748 1288 1785 each
1303 1748 1343 1785 of
1351 1748 1390 1785 us
1405 1748 1470 1785 lest
1486 1748 1536 1785 we
1550 1748 1674 1785 should
1692 1748 1752 1785 fall
1758 1748 1764 1785 ,
1779 1748 1948 1785 Walking
1961 1748 2023 1785 the
2036 1748 2094 1785 sea
2097 1748 2104 1785 ,
2119 1748 2287 1785 Walking
2296 1748 2359 1785 the
2371 1748 2429 1785 sea
2431 1748 2439 1785 .

1810 1869 1910 1902 99

2478 283 2533 321 19

2420 429 2539 519 MAN

2137 572 2215 596 And
2232 572 2291 596 the
2304 573 2389 598 form
2410 573 2446 597 of
2472 574 2533 598 the

2109 615 2168 644 the
2185 616 2309 646 Friend
2325 616 2403 645 who
2419 617 2530 646 would

2113 662 2193 687 And
2208 662 2268 687 the
2282 662 2403 689 Savior
2420 663 2536 690 whose
