2037 3183
0 844 31 870 g

0 1126 46 1205 3

184 641 249 698 9
226 640 270 697 :
251 640 304 697 5

434 212 617 270 HAVE
652 212 875 270 MERCY
910 212 988 270 ON
1026 212 1118 270 ME
1119 212 1132 270 .
1201 212 1477 270 Concluded
1479 212 1491 270 .

553 343 677 471 7

346 512 525 550 Savior
524 518 535 550 ,
557 519 604 552 on
659 527 720 555 me
726 529 738 555 ;

176 1173 254 1280 9
235 1178 488 1301 ****

168 1459 270 1508 No.
299 1458 373 1507 45
382 1459 395 1506 .

781 770 801 798 e
813 771 829 798 -
846 771 913 801 ven
942 775 1000 804 me
1009 777 1021 804 ;

1575 934 1667 1045 #

325 1079 420 1117 Lord
424 1080 431 1116 ,
456 1081 498 1117 or
550 1076 570 1117 I
594 1076 657 1117 per
658 1076 671 1117 -
671 1076 729 1118 ish
732 1077 739 1118 ,
778 1077 808 1118 O
853 1078 897 1119 Je
910 1078 924 1119 -
935 1078 992 1119 sus
997 1079 1003 1120 ,
1020 1078 1114 1121 have
1129 1079 1205 1122 mer
1205 1080 1217 1121 -
1220 1080 1263 1121 cy
1308 1092 1349 1119 on
1391 1090 1447 1118 me
1451 1091 1458 1117 ,
1502 1091 1520 1117 e
1520 1090 1533 1116 -
1535 1089 1600 1116 ven
1620 1088 1674 1115 me
1677 1089 1686 1115 .

350 2061 386 2097 3

1059 514 1120 551 No
1133 516 1231 553 hope
1251 519 1320 556 can

678 1459 916 1508 KNOWN
951 1459 1029 1508 TO
1063 1459 1230 1508 THEE
1234 1459 1245 1508 .

1365 509 1388 545 I
1432 510 1519 549 cher
1517 514 1532 549 -
1532 514 1590 552 ish
1604 516 1615 551 ;
1638 517 1725 556 save
1722 520 1732 555 ,

1439 906 1510 927 Rit
1513 906 1523 926 .

323 1776 353 1816 1.
378 1775 471 1815 Lord
476 1775 483 1814 ,
500 1773 553 1814 all
589 1774 609 1813 I
671 1789 725 1807 am
787 1777 817 1819 is
834 1777 961 1819 known
979 1777 1014 1819 to
1033 1777 1130 1819 Thee
1135 1777 1141 1819 ,
1168 1777 1210 1819 In
1252 1777 1336 1819 vain
1370 1777 1429 1819 my
1443 1777 1520 1819 soul
1535 1777 1653 1819 would
1671 1777 1735 1819 try

322 1829 356 1873 2.
380 1829 461 1873 Thy
501 1829 552 1874 all
561 1830 575 1874 -
585 1830 629 1874 ob
641 1830 652 1874 -
665 1830 740 1874 serv
756 1831 768 1875 -
778 1831 839 1875 ing
871 1831 934 1875 eye
967 1832 1027 1876 sur
1029 1832 1041 1876 -
1044 1832 1127 1876 veys
1169 1833 1231 1877 My
1266 1833 1431 1878 rising
1456 1834 1526 1878 and
1552 1834 1611 1879 my
1635 1835 1706 1879 rest
1709 1835 1717 1879 ,

323 1889 356 1931 3.
379 1889 441 1931 My
459 1889 631 1931 thoughts
648 1889 696 1931 lie
713 1889 848 1931 open
866 1889 902 1931 to
920 1889 1016 1931 Thee
1021 1889 1027 1931 ,
1049 1889 1140 1931 Lord
1144 1889 1150 1931 ,
1165 1889 1291 1931 Before
1306 1889 1443 1931 they're
1457 1889 1594 1931 formed
1608 1889 1736 1931 within
1743 1889 1754 1931 ;

321 1940 357 1984 4.
380 1940 437 1984 Oh
441 1940 447 1984 ,
471 1940 522 1984 let
545 1940 647 1985 thine
665 1941 755 1985 arms
775 1941 950 1987 surround
976 1942 1032 1986 me
1057 1942 1131 1987 still
1137 1943 1143 1987 ,
1163 1943 1242 1987 And
1269 1943 1344 1987 like
1375 1944 1395 1988 a
1441 1943 1605 1989 bulwark
1628 1944 1742 1989 prove
1744 1945 1754 1989 ,

944 2905 982 2932 45

381 2268 492 2420 ii

367 2473 418 2514 To
443 2475 536 2517 shun
552 2478 635 2519 Thy
657 2480 826 2524 presence
826 2484 834 2523 ,
866 2485 909 2525 or
952 2477 990 2519 to
1030 2477 1094 2519 flee
1141 2477 1216 2519 The

1259 2477 1330 2519 no-
1342 2477 1413 2519 tice
1443 2477 1483 2519 of
1498 2477 1613 2519 Thine
1629 2477 1693 2519 eye
1695 2477 1705 2519 .

368 2534 434 2578 My
462 2534 538 2578 pub
540 2534 552 2578 -
552 2534 600 2578 lic
620 2534 728 2578 walks
734 2534 739 2578 ,
757 2534 816 2578 my
851 2534 905 2578 pri
909 2534 922 2578 -
922 2534 1003 2578 vate
1018 2534 1111 2578 ways
1115 2534 1123 2578 ,
1140 2534 1218 2578 The
1265 2534 1326 2578 se-
1335 2534 1427 2578 crets
1449 2534 1493 2578 of
1519 2534 1580 2578 my
1597 2534 1715 2578 breast
1717 2534 1727 2578 .

368 2589 451 2634 And
474 2589 533 2633 ere
548 2589 608 2633 my
628 2588 698 2632 lips
717 2586 923 2632 pronounce
940 2587 1000 2631 the
1019 2586 1112 2631 word
1116 2586 1121 2630 ,
1141 2586 1243 2630 Thou
1264 2584 1423 2630 knowest
1447 2584 1498 2629 all
1544 2584 1563 2628 I
1610 2583 1713 2628 mean
1716 2583 1726 2627 .

368 2645 418 2686 To
435 2645 550 2686 guard
567 2645 627 2686 my
654 2645 735 2686 soul
752 2645 843 2686 from
872 2645 981 2686 every
1039 2645 1081 2686 ill
1087 2645 1094 2686 ,
1141 2645 1184 2686 Se
1188 2645 1200 2686 -
1203 2645 1312 2686 cured
1344 2645 1389 2686 by
1423 2645 1606 2686 sovereign
1624 2645 1707 2686 love
1712 2645 1724 2686 .
