2950 2262
540 260 1428 391 TIDINGS
1510 268 1774 394 OF
1865 271 2248 397 JOY
2252 274 2285 397 ,

350 435 406 494 A
427 435 564 494 New
595 435 842 494 Singing
878 435 1043 494 Book
1077 435 1169 494 for
1207 435 1467 494 Sabbath
1502 435 1743 494 Schools
1749 435 1758 494 ,
1787 435 1892 494 etc.
1902 435 1911 494 ,
1937 435 2012 494 by
2038 435 2104 494 D.
2135 435 2196 494 E.
2224 435 2447 494 Dortch
2454 435 2475 494 .

394 514 476 561 The
491 514 610 561 Music
627 514 656 561 is
675 514 768 561 New
772 514 780 561 ,
802 514 935 561 Bright
952 514 1025 561 and
1044 514 1244 561 Sparkling
1248 514 1257 561 ,
1275 514 1459 561 carefully
1475 514 1656 561 prepared
1680 514 1754 561 and
1779 514 1950 561 skilfully
1966 514 2145 561 arranged
2152 514 2160 561 ,
2177 514 2250 561 and
2273 514 2304 561 is
2323 514 2468 561 strictly

349 559 401 603 up
418 559 454 603 to
471 559 535 603 the
549 559 657 603 times
674 559 710 603 in
730 559 839 603 every
856 559 998 603 respect
1001 559 1007 603 .
1059 559 1110 603 By
1127 559 1216 603 mail
1230 559 1275 603 25
1292 559 1346 603 cts
1351 559 1358 603 .
1385 559 1448 603 per
1478 559 1573 603 copy
1576 559 1584 603 ,
1602 559 1625 603 $
1627 559 1699 603 3.00
1724 559 1789 603 per
1809 559 1876 603 doz
1877 559 1909 603 .;
1933 559 1983 603 by
1999 559 2148 603 express
2173 559 2196 603 $
2196 559 2270 603 2.40
2287 559 2353 603 per
2369 559 2440 603 doz
2442 559 2452 603 .

352 610 376 647 $
375 610 473 647 20.00
494 610 560 647 per
577 610 639 647 100
643 610 650 647 .

1267 601 1428 634 Address
1564 601 1613 640 D.
1642 601 1685 640 E.
1714 602 1929 643 DORTCH
1935 605 1945 643 ,
1972 605 2201 645 Columbia
2204 607 2214 645 ,
2242 608 2362 647 Tenn
2366 609 2378 647 .

351 714 1430 795 PRECIOUS
1511 714 2412 795 JEWELS
2423 714 2462 795 ,

610 816 713 857 FOR
739 816 972 857 SABBATH
1000 816 1224 857 SCHOOLS
1228 816 1236 857 ,
1274 816 1341 857 BY
1368 816 1390 857 J
1433 816 1479 857 H.
1507 816 1682 857 LESLIE
1709 816 1735 857 &
1767 816 1808 857 R.
1837 816 1875 857 B.
1903 816 2192 857 MAHAFFEY
2194 816 2207 857 ,

348 869 432 915 The
444 869 564 915 Music
586 869 618 915 is
643 869 666 915 a
691 869 836 915 skillful
863 869 1113 915 combination
1132 869 1174 915 of
1198 869 1430 915 SIMPLICITY
1433 869 1441 915 ,
1463 869 1628 915 BEAUTY
1641 869 1716 915 and
1734 869 1778 915 E.
1795 869 2001 915 CELLENCE
2004 869 2013 915 .
2063 869 2212 915 Strictly
2229 869 2280 915 up
2298 869 2387 915 with
2403 869 2468 915 the

444 915 550 958 times
567 915 603 958 in
625 915 758 958 Words
763 915 769 958 ,
790 915 908 958 Music
913 915 919 958 ,
941 915 1121 958 Quantity
1128 915 1135 958 ,
1155 915 1307 958 Quality
1324 915 1398 958 and
1416 915 1522 958 Price
1524 915 1532 958 .
1597 910 1632 953 A
1648 910 1793 955 Marvel
1801 913 1843 956 of
1859 913 2042 959 Elegance
2058 916 2132 960 and
2149 917 2363 963 Cheapness
2364 921 2373 963 .

613 959 759 1007 Sample
775 960 870 1006 copy
886 959 929 1005 20
946 959 997 1005 cts
1001 959 1031 1005 .;
1056 959 1079 1005 $
1082 958 1161 1005 1.80
1177 958 1242 1004 per
1259 958 1373 1004 dozen
1398 957 1436 1003 in
1463 957 1586 1003 Board
1604 955 1738 1003 Covers
1746 956 1755 1002 ;
1777 956 1805 1002 $
1810 955 1908 1002 15.00
1931 955 1996 1001 per
2020 953 2191 1001 hundred
2193 954 2202 1000 .

395 1059 708 1138 The
779 1059 1485 1138 Musical
1539 1059 2390 1138 Advocate
2395 1059 2430 1138 ,

351 1158 387 1204 A
400 1158 505 1204 large
521 1158 606 1204 four
605 1158 621 1204 -
619 1158 713 1204 page
737 1158 907 1204 monthly
912 1158 920 1204 ,
940 1158 1095 1204 devoted
1124 1158 1350 1204 exclusively
1366 1158 1406 1204 to
1429 1158 1492 1204 the
1515 1158 1666 1204 interest
1692 1158 1732 1204 of
1756 1158 1873 1204 music
1897 1158 1934 1204 in
1953 1158 2086 1204 Public
2111 1158 2262 1204 Schools
2268 1158 2274 1204 ,
2303 1158 2469 1204 Sabbath

353 1202 505 1243 Schools
521 1202 808 1243 Congregations
824 1202 899 1243 and
917 1202 1042 1243 Choirs
1047 1202 1055 1243 .
1106 1202 1279 1243 Contains
1296 1202 1454 1243 musical
1468 1202 1709 1243 information
1728 1202 1772 1243 an
1788 1202 1803 1243 1
1814 1202 1891 1243 first
1893 1202 1906 1243 -
1908 1202 2000 1243 class
2013 1202 2094 1243 new
2107 1202 2224 1243 music
2240 1202 2300 1243 for
2315 1202 2379 1243 the
2388 1202 2457 1243 mil-

348 1247 428 1291 lion
430 1247 443 1291 .
474 1247 563 1291 Best
575 1247 618 1291 of
625 1247 672 1291 its
687 1247 778 1291 class
795 1247 856 1291 for
869 1247 934 1291 the
949 1247 1047 1291 price
1059 1247 1097 1291 in
1116 1247 1289 1291 America
1290 1247 1298 1291 .
1335 1247 1446 1291 Only
1461 1247 1525 1291 50
1544 1247 1610 1291 cts
1613 1247 1624 1291 .
1641 1247 1667 1291 a
1684 1247 1793 1291 year
1800 1247 1810 1291 .
1844 1247 2069 1291 Circulation
2084 1247 2171 1291 over
2184 1247 2283 1291 6,000
2286 1247 2293 1291 .
2326 1247 2468 1291 Agents

355 1292 498 1330 wanted
515 1293 751 1331 everywhere
754 1295 764 1331 .

729 1346 881 1383 Recently
893 1345 1060 1382 published
1064 1346 1069 1381 ,
1087 1346 1103 1381 a
1118 1346 1201 1381 Song
1214 1346 1254 1381 by
1270 1345 1304 1380 R.
1321 1345 1353 1380 B.
1370 1344 1552 1381 MAHAFFEY
1554 1344 1573 1379 ,,
1587 1344 1690 1379 words
1703 1344 1743 1379 by
1759 1344 1791 1379 E.
1807 1343 1842 1379 R.
1859 1343 1966 1378 LATTA
1966 1343 1974 1378 ,
1989 1342 2122 1378 entitled

578 1396 723 1450 WE
755 1396 1110 1450 SHOULD
1148 1396 1369 1450 LOVE
1408 1396 1627 1450 EACH
1669 1396 1963 1450 OTHER
2002 1396 2242 1450 MORE
2248 1396 2263 1450 .
2261 1396 2291 1450 "

354 1477 462 1520 Price
475 1477 519 1520 30
534 1477 637 1520 cents
638 1477 648 1520 .

352 1522 465 1565 effect
477 1522 519 1565 as
535 1522 558 1565 a
569 1522 660 1565 duet
660 1522 671 1565 .

698 1477 799 1520 Sales
815 1477 993 1520 immense
996 1477 1005 1520 .
1053 1477 1131 1520 The
1148 1477 1281 1520 chorus
1299 1477 1327 1520 is
1346 1477 1524 1520 arranged
1542 1477 1602 1520 for
1628 1477 1710 1520 SIX
1735 1477 1916 1520 VOICES
1923 1477 1929 1520 ,
1951 1477 1990 1520 or
2016 1477 2081 1520 can
2108 1477 2152 1520 be
2169 1477 2265 1520 sung
2289 1477 2382 1520 with
2399 1477 2472 1520 fine

717 1522 779 1565 An
795 1522 995 1565 admirable
1012 1522 1104 1565 song
1119 1522 1179 1565 for
1194 1522 1256 1565 the
1274 1522 1385 1565 home
1400 1522 1510 1565 circle
1525 1522 1599 1565 and
1617 1522 1760 1565 fireside
1761 1522 1770 1565 .

785 1634 904 1695 Just
936 1632 1230 1694 Published
1235 1633 1246 1693 ,
1283 1633 1311 1693 "
1330 1631 1496 1693 EDEN
1526 1631 1600 1692 OF
1635 1630 1765 1691 THE
1795 1629 1993 1691 BLEST
1997 1630 2010 1690 .
2015 1630 2038 1690 "

354 1714 455 1758 Song
470 1714 546 1758 and
562 1714 698 1758 chorus
714 1714 761 1758 by
781 1714 830 1758 M.
851 1714 892 1758 P.
914 1714 1044 1758 SUTER
1048 1714 1056 1758 ,
1077 1714 1199 1758 words
1216 1714 1264 1758 by
1284 1714 1342 1758 W.
1363 1714 1403 1758 C.
1426 1714 1591 1758 HOLMES
1592 1714 1601 1758 .
1653 1714 1760 1758 Price
1773 1714 1818 1758 20
1833 1714 1936 1758 cents
1936 1714 1946 1758 .
1998 1716 2089 1756 This
2112 1716 2206 1756 song
2221 1716 2252 1756 is
2271 1716 2457 1758 beautiful
2458 1717 2468 1757 ,

353 1759 467 1802 sweet
481 1759 557 1802 and
573 1759 767 1802 charming
769 1759 778 1802 .
829 1759 908 1802 The
925 1759 1047 1802 words
1064 1759 1138 1802 and
1156 1759 1273 1802 music
1291 1759 1354 1802 are
1376 1759 1413 1802 in
1442 1759 1534 1802 such
1559 1759 1704 1802 perfect
1734 1759 1916 1802 harmony
1933 1759 2015 1802 that
2041 1759 2072 1802 it
2097 1759 2272 1802 awakens
2273 1759 2282 1802 ,
2298 1759 2336 1802 in
2364 1759 2472 1802 those

356 1803 441 1847 who
458 1803 545 1847 hear
560 1803 589 1847 it
593 1803 600 1847 ,
621 1803 642 1847 a
660 1803 752 1847 fond
767 1803 1009 1847 anticipation
1028 1803 1068 1847 of
1085 1803 1105 1847 a
1119 1803 1213 1847 pure
1228 1803 1302 1847 and
1320 1803 1445 1847 happy
1463 1803 1572 1847 home
1590 1803 1736 1847 beyond
1754 1803 1815 1847 the
1832 1803 1943 1847 grave
1946 1803 1955 1847 .
2005 1803 2170 1847 Address

1665 1864 1725 1904 R.
1749 1864 1808 1904 B.
1833 1864 2190 1906 MAHAFFEY
2194 1866 2206 1906 ,

355 1920 575 1958 Publisher
611 1920 657 1958 of
670 1920 790 1958 Sheet
810 1920 945 1958 Music
963 1920 1043 1958 and
1061 1920 1196 1958 Music
1214 1920 1346 1958 Books
1348 1920 1360 1958 .

2170 1918 2356 1959 ALTOONA
2364 1918 2379 1959 ,
2398 1918 2448 1959 PA
2456 1918 2469 1959 .
