2695 2189
311 367 386 392 REV
392 367 398 392 .
412 367 444 392 T.
458 367 487 392 J.
499 367 673 394 SHELTON
680 368 688 393 .

307 604 339 639 1.
383 607 427 643 Je
443 610 459 644 -
474 611 533 646 sus
536 614 544 647 ,
568 615 612 650 on
677 607 741 649 thy
788 607 871 649 love
886 607 1007 649 rely
1030 607 1046 649 -
1069 607 1133 649 ing
1136 607 1143 649 ,
1167 607 1189 649 I
1251 617 1308 638 am
1368 618 1438 637 com

308 652 341 695 2.
367 652 438 695 Tho
442 652 451 695 '
468 652 526 695 my
546 652 642 695 earth
691 652 727 695 ly
743 652 858 695 crown
889 652 929 695 be
945 652 1046 695 thorn
1065 652 1078 695 -
1095 652 1117 695 y
1124 652 1130 695 ,
1145 652 1242 695 Thou
1257 652 1334 695 wilt
1356 652 1437 695 give

307 696 339 739 3.
361 696 462 739 Faith
476 696 538 739 can
557 696 636 739 sing
690 696 725 739 in
776 696 940 739 bitter
957 696 1139 739 sorrow
1145 696 1152 739 ;
1160 696 1254 739 Love
1265 696 1330 739 can
1347 696 1447 739 drive

212 772 342 871 Dity

209 1390 336 1457 94

1033 265 1222 310 PRESS
1256 265 1361 310 WE
1396 265 1479 310 ON
1490 265 1503 310 .

936 343 954 370 "
960 342 975 369 I
988 342 1067 369 press
1081 340 1214 369 towards
1239 341 1289 368 the
1307 340 1392 367 mark
1397 340 1405 367 .
1408 340 1423 367 "
1461 339 1538 367 PHIL
1541 339 1547 366 .
1561 339 1577 366 3
1587 339 1596 366 :
1606 339 1635 366 14
1636 339 1645 366 .

211 1864 268 1917 9
263 1864 313 1917 **

1504 609 1570 644 ing
1607 609 1656 644 un
1695 609 1732 644 to

1507 656 1529 693 a
1563 654 1682 692 bright
1683 654 1693 691 -
1697 653 1735 691 er

1508 701 1532 741 a

1590 698 1669 740 way
1683 697 1743 739 my

1554 717 1563 721 1

1538 925 1683 967 Chorus
1686 927 1697 966 .

1946 373 1976 397 J.
1989 373 2028 397 H.
2042 373 2260 397 ROSECRANS
2264 373 2272 397 .

1960 448 2083 538 AIR

369 1196 408 1219 or

469 1183 506 1228 in
545 1182 720 1227 dying
742 1182 763 1226 I
817 1181 895 1225 will

954 1186 1031 1219 still

1088 1196 1129 1217 re
1173 1184 1362 1223 member
1376 1183 1455 1219 thee
1458 1183 1467 1217 .

304 1230 440 1275 voyage
465 1230 507 1274 be
554 1229 686 1274 stormy
692 1229 699 1272 ,
729 1229 810 1272 O'er
825 1228 885 1272 the
932 1227 1032 1271 cloud
1049 1226 1182 1271 sbright
1201 1225 1313 1270 shines
1333 1226 1390 1269 the
1408 1224 1587 1269 sun.Press
1629 1224 1682 1267 we
1758 1241 1799 1261 on
1874 1230 1915 1259 in
1976 1225 2044 1274 self
2054 1227 2070 1273 -
2085 1228 2128 1275 de
2128 1229 2141 1275 -
2144 1229 2182 1277 ni
2257 1232 2292 1280 al
2294 1233 2304 1279 ,
2320 1234 2340 1280 |

327 1276 448 1317 bright
479 1276 515 1317 to
519 1276 530 1317 -
534 1276 607 1318 mor
612 1277 622 1318 -
627 1277 698 1318 row
704 1277 710 1318 ,
732 1277 832 1318 Hope
842 1278 904 1319 can
941 1278 1032 1319 wipe
1092 1287 1114 1307 a
1178 1285 1257 1321 way
1274 1283 1333 1318 my
1352 1279 1443 1316 tears
1446 1280 1455 1313 .

2304 246 2371 293 (
2303 255 2370 295 8
2302 299 2369 328 )

1793 608 1872 649 thee
1877 608 1884 649 ;
1899 608 1973 649 Yea
1975 608 1982 649 ,

1798 656 1863 694 one
1863 655 1873 688 ;
1888 650 1961 687 Tho
1957 648 1973 681 '

1775 696 1864 738 fears
1869 697 1875 737 ;
1885 695 1984 737 Trust
2000 695 2013 735 -
2030 693 2091 735 ing
2135 692 2189 734 for

2041 608 2078 649 in
2133 608 2311 651 living

2012 666 2071 695 my
2108 651 2209 691 earth
2224 656 2239 692 -
2258 657 2300 695 ly

2274 712 2294 729 a

330 1741 378 1785 To
418 1741 477 1785 the
491 1741 606 1785 crown
625 1741 688 1785 our
708 1741 845 1785 coming
863 1741 963 1785 waits
972 1741 980 1785 ;
995 1741 1065 1785 Joy
1086 1741 1161 1785 will
1178 1741 1245 1785 end
1279 1741 1327 1785 all
1346 1741 1424 1785 care
1436 1741 1505 1785 and
1526 1741 1604 1785 tri-
1626 1741 1660 1785 al
1678 1741 1786 1785 When
1808 1741 1859 1785 we
1878 1741 1953 1785 pass
1967 1741 2030 1785 the
2054 1741 2137 1785 pear
2140 1741 2151 1785 -
2156 1741 2193 1785 ly
2216 1741 2310 1785 gates

1810 1813 1844 1839 f
