2977 2419
322 234 356 280 6

426 252 534 283 Words
546 252 585 283 by
599 252 645 283 W.
657 253 690 284 T.
703 253 794 284 DALE
797 253 804 284 .

336 660 426 739 9

340 1224 547 1297 9:26

342 1808 409 1880 9
411 1807 435 1879 :
464 1806 542 1879 bb

553 719 618 771 4

556 425 615 481 4

593 540 620 570 1.
639 540 659 569 "
666 540 700 569 It
774 540 803 569 is
860 540 998 576 finished
1006 540 1019 576 !
1016 540 1033 576 "
1056 540 1094 576 so
1134 540 1184 576 He
1201 540 1288 576 cried
1294 540 1299 576 ,
1310 540 1425 576 Bowed
1438 540 1494 576 His
1507 540 1588 576 head
1603 540 1667 576 and
1685 540 1760 576 thus
1796 540 1846 576 He
1863 540 1936 576 died
1941 540 1946 576 .
1968 540 2046 576 Now
2077 540 2112 576 re
2124 540 2137 576 -
2147 540 2297 576 deeming
2330 540 2417 576 work
2453 540 2479 576 is
2515 540 2600 576 done
2608 540 2618 576 ;

953 407 998 472 TO

577 1106 656 1132 Now
699 1110 760 1135 our
819 1104 1018 1138 triumph
1049 1107 1081 1138 is

604 1697 641 1715 re

668 1707 678 1711 -

1114 232 1212 284 IT
1251 232 1339 284 IS
1380 232 1813 284 FINISHED
1825 232 1848 284 !
1865 232 1898 284 "

422 1998 442 2026 2
457 1998 478 2026 "
487 1998 519 2026 It
531 1998 557 2027 is
571 1998 706 2028 finished
716 2000 726 2028 !
726 2000 740 2028 "
760 2000 801 2029 all
814 2001 839 2029 is
855 2001 920 2031 o'er
922 2002 929 2030 ,

461 2031 513 2064 All
525 2031 583 2065 His
596 2031 670 2065 pain
686 2033 748 2066 and
763 2033 899 2067 anguish
913 2035 985 2069 sore
994 2036 1005 2068 ;

460 2064 513 2098 All
524 2064 582 2099 His
595 2065 766 2100 sufferings
781 2067 856 2101 here
869 2068 925 2102 are
937 2068 1010 2103 past
1018 2070 1028 2103 ;

457 2100 536 2131 Now
552 2100 599 2131 He
613 2100 770 2131 conquers
785 2100 833 2131 sin
848 2100 881 2131 at
893 2100 956 2131 last
957 2100 963 2131 .

1155 1107 1305 1140 begun
1308 1115 1317 1139 .

1063 1690 1093 1717 is

696 1691 877 1723 conciled
887 1691 896 1720 ;
915 1691 938 1720 "
942 1690 977 1719 It

1389 870 1574 898 REFRAIN
1577 870 1586 898 .

1384 1104 1410 1130 "
1413 1106 1449 1132 It

1149 1690 1329 1717 finished
1338 1690 1346 1717 !
1375 1690 1410 1717 It

2179 251 2274 284 Music
2288 253 2327 285 by
2342 254 2370 285 J.
2383 255 2422 286 H.
2435 256 2554 288 LESLIE
2556 258 2564 288 .

1493 1689 1524 1716 is
1580 1690 1761 1717 finished
1768 1690 1782 1717 !
1776 1690 1796 1717 "
1821 1690 1840 1717 I

1537 1105 1569 1132 is
1624 1106 1667 1132 fin
1671 1106 1682 1132 -
1679 1106 1771 1132 ished
1781 1106 1790 1132 !
1830 1106 1865 1132 It
1920 1106 1954 1132 is
2008 1104 2144 1133 finished
2154 1106 2165 1133 !
2163 1106 2176 1133 "
2202 1106 2276 1135 Man
2337 1109 2371 1134 to
2413 1109 2482 1134 God
2524 1109 2554 1134 is

1149 1997 1168 2028 3
1184 1997 1203 2028 "
1213 1997 1244 2028 It
1256 1997 1282 2028 is
1297 1997 1431 2030 finished
1442 1998 1452 2029 !
1452 1998 1466 2029 "
1484 1998 1609 2031 blessed
1622 1998 1758 2031 thought
1762 1999 1768 2030 ,

1182 2033 1326 2064 Comfort
1340 2033 1371 2064 to
1386 2033 1443 2064 our
1458 2033 1564 2064 hearts
1579 2033 1603 2064 is
1619 2033 1757 2064 brought
1758 2033 1764 2064 .

1183 2063 1261 2098 Man
1274 2063 1348 2098 may
1361 2063 1433 2098 now
1446 2063 1607 2098 approach
1619 2063 1673 2098 the
1686 2063 1801 2098 throne
1805 2063 1812 2098 ,

1183 2098 1376 2132 Reconciled
1388 2098 1526 2132 through
1541 2098 1645 2132 Christ
1660 2098 1752 2132 alone
1753 2098 1760 2132 .

2448 990 2554 1047 EA

1923 1699 1983 1716 can
2019 1699 2089 1716 now
2137 1689 2308 1718 become
2343 1690 2403 1717 His

2451 1690 2536 1717 child
2539 1692 2546 1717 .

2534 1799 2639 1923 [

1927 1996 1945 2025 4
1963 1996 1981 2025 "
1991 1996 2022 2026 It
2034 1997 2060 2026 is
2074 1997 2209 2029 finished
2219 2000 2228 2029 !
2229 2000 2242 2029 "
2262 2000 2385 2032 heaven
2398 2002 2425 2031 is
2439 2002 2518 2033 near
2526 2004 2535 2033 ;

1963 2029 2015 2063 All
2026 2030 2163 2065 through
2177 2032 2281 2066 Christ
2295 2034 2368 2068 may
2378 2035 2471 2068 there
2483 2036 2603 2071 appear
2614 2039 2623 2071 ;

1962 2060 2077 2096 Rebels
2090 2061 2226 2097 doomed
2237 2062 2270 2096 to
2283 2062 2409 2098 endless
2422 2063 2499 2098 pain
2500 2064 2510 2098 ,

1963 2099 2040 2131 May
2051 2098 2163 2132 return
2177 2100 2210 2132 to
2223 2100 2292 2132 God
2307 2100 2401 2134 again
2406 2101 2414 2133 .
