2813 2221
313 233 382 275 70

333 1283 399 1339 9

480 425 516 458 2

476 468 518 506 4

402 795 422 832 路
406 795 427 832 5
431 795 450 832 -
450 796 473 833 b-

520 364 692 396 Moderato
696 364 704 396 .

442 1570 477 1607 -b

486 568 498 593 1
504 568 511 593 ,
543 568 575 593 Je
580 569 589 594 -
592 569 640 595 sus
666 570 721 596 can
733 570 803 597 save
842 575 856 590 e
860 575 868 590 -
872 575 926 590 ven
968 575 1012 596 me
1015 575 1021 595 ,
1067 567 1147 589 Is'nt

484 608 512 635 2.
543 608 576 635 Je
581 608 591 635 -
594 608 641 635 sus
663 608 758 635 comes
775 608 845 635 with
860 608 955 635 mercy
970 608 1028 635 free
1032 608 1037 635 ,
1068 608 1148 635 Is'nt

485 649 501 676 3
501 649 508 676 ,
540 649 572 676 Je
578 649 586 676 -
591 649 638 676 sus
654 649 696 676 He
709 649 759 676 has
773 649 936 676 conquered
950 649 1036 676 death
1043 649 1048 676 ,
1064 649 1144 676 Is'nt

475 1480 620 1515 CHORUS
622 1481 631 1513 .

402 1832 435 1874 b
427 1835 464 1878 -
443 1837 482 1880 b

944 231 1125 279 JESUS
1163 231 1286 279 CAN
1327 231 1480 279 SAVE
1523 231 1676 279 EVEN
1716 231 1805 279 ME
1807 231 1820 279 .

865 304 881 331 (
879 304 898 331 "
912 304 970 331 For
985 304 1028 331 IIe
1039 304 1117 332 shall
1130 305 1197 332 save
1211 305 1261 332 the
1274 305 1371 333 people
1389 306 1464 333 from
1482 306 1561 333 their
1575 306 1633 334 sins
1641 307 1647 334 .
1654 307 1673 334 -
1682 307 1766 334 MATT
1772 307 1778 334 ,
1801 307 1809 334 1
1816 307 1823 334 :
1838 308 1867 335 21
1872 308 1879 335 ,
1883 308 1896 335 "
1903 308 1918 335 )

457 1097 597 1127 Suff'ring
609 1097 645 1127 on
658 1097 711 1127 the
741 1097 820 1127 cross
835 1097 877 1127 He
890 1097 957 1127 bore
963 1097 968 1127 ,
973 1097 1048 1127 That
1061 1097 1096 1127 on
1112 1097 1256 1127 Canaan's
1287 1097 1417 1127 peaceful
1436 1097 1521 1127 shore
1525 1097 1531 1127 ,
1537 1097 1550 1127 I
1569 1097 1663 1127 might
1678 1097 1762 1127 dwell
1776 1097 1820 1127 for
1824 1097 1832 1127 -
1837 1097 1868 1127 ev
1884 1097 1893 1127 -
1906 1097 2018 1127 ermore
2022 1097 2027 1127 ,
2060 1097 2141 1127 Is'nt

458 1139 536 1167 He'll
550 1139 659 1167 redeem
676 1139 721 1167 my
735 1139 857 1167 helpless
870 1139 935 1167 soul
939 1139 944 1167 ,
961 1139 1048 1167 Wash
1061 1139 1119 1167 and
1131 1139 1246 1167 cleanse
1259 1139 1302 1167 me
1307 1139 1312 1167 ,
1326 1139 1410 1167 make
1424 1139 1467 1167 me
1481 1139 1572 1167 whole
1576 1139 1582 1167 ,
1598 1139 1671 1167 Lead
1686 1139 1730 1167 me
1743 1139 1864 1167 upward
1874 1139 1903 1167 to
1916 1139 1967 1167 the
1978 1139 2048 1167 goal
2049 1139 2056 1167 ,
2059 1139 2141 1167 Is'nt

456 1178 531 1208 Soon
545 1178 622 1208 He'll
635 1178 716 1208 leave
729 1178 781 1208 His
795 1178 929 1208 mansion
943 1178 1028 1208 home
1032 1178 1037 1208 ,
1043 1178 1165 1208 Coming
1177 1178 1261 1208 down
1276 1178 1305 1208 to
1318 1178 1404 1208 claim
1419 1178 1462 1208 his
1476 1178 1540 1208 own
1545 1178 1551 1208 ,
1564 1178 1612 1208 All
1625 1178 1689 1208 who
1703 1178 1781 1208 trust
1794 1178 1824 1208 in
1838 1178 1898 1208 him
1911 1178 1997 1208 alone
2001 1178 2007 1208 ,
2060 1180 2140 1203 Is'nt

857 1277 986 1359 5

515 1686 598 1708 Is'nt
635 1686 704 1714 that
716 1686 788 1714 good
802 1687 878 1715 news
881 1687 894 1714 ?

1206 568 1275 595 that
1287 568 1360 595 good
1376 568 1452 595 news
1454 568 1468 595 ?

1200 608 1271 633 that
1283 608 1355 633 good
1370 608 1447 633 news
1450 608 1463 633 ?

1202 648 1270 676 that
1283 648 1355 676 good
1370 648 1447 676 news
1449 648 1463 676 ?

982 1686 1062 1708 Is'nt
1111 1686 1179 1712 that
1191 1686 1264 1711 good
1280 1684 1359 1710 news
1362 1685 1375 1710 ?

2031 339 2164 366 FRANK
2185 339 2226 366 M.
2245 339 2361 366 DAVIS
2364 339 2371 366 ,

1521 567 1564 592 He
1576 567 1649 593 from
1664 568 1709 594 sin
1731 569 1784 595 can
1808 570 1852 595 set
1875 571 1919 596 me
1931 571 1992 597 free
1996 572 2003 596 ,
2066 570 2145 592 Is'nt

1528 609 1566 630 To
1609 606 1626 634 a
1663 606 1710 636 sin
1713 607 1722 635 -
1728 607 1779 637 ner
1803 608 1872 638 poor
1885 610 1947 640 like
1968 611 2014 641 me
2016 612 2024 640 ,
2065 612 2146 632 Is'nt

1502 645 1589 673 Sav'd
1600 647 1644 673 me
1652 647 1724 674 with
1739 648 1791 675 His
1834 649 1922 680 dying
1935 648 2039 679 breath
2044 649 2050 678 ,
2065 647 2146 678 Is'nt

1466 1686 1499 1708 Je
1501 1686 1510 1708 -
1515 1686 1563 1709 sus
1586 1687 1639 1710 can
1653 1688 1723 1712 save
1761 1690 1775 1708 e
1779 1690 1788 1708 -
1794 1690 1845 1710 ven
1879 1692 1924 1711 me
1926 1694 1933 1712 ,

1893 1728 1934 1766 2

1993 1686 2075 1707 Is'nt

2202 571 2271 597 that
2286 571 2360 597 good
2374 571 2451 597 news
2452 571 2465 597 ?

2205 611 2272 637 that
2285 611 2358 637 good
2373 611 2450 637 news
2453 611 2466 637 ?

2197 652 2266 678 that
2277 652 2349 678 good
2364 652 2440 678 news
2444 652 2457 678 ?

2186 1100 2256 1127 that
2267 1100 2339 1127 good
2353 1100 2430 1127 news
2433 1100 2447 1127 ?

2187 1140 2256 1168 that
2267 1140 2340 1168 good
2354 1140 2430 1168 news
2434 1140 2447 1168 ?

2187 1180 2255 1207 that
2268 1180 2341 1207 good
2354 1180 2430 1208 news
2432 1181 2446 1208 ?

2129 1687 2196 1714 that
2208 1687 2280 1714 good
2294 1687 2370 1715 news
2373 1688 2385 1715 ?
