1733 2321
675 248 929 284 REVIVING
959 246 1138 281 HYMNS
1143 247 1155 279 .

476 331 499 370 5
519 329 607 369 Pass
626 329 681 368 me
696 327 761 368 not
766 328 771 367 ,
791 328 817 367 O
836 326 979 367 mighty
999 324 1112 365 Spirit
1121 325 1133 364 !

566 372 666 403 Thou
685 371 789 402 canst
806 370 912 401 make
929 369 992 399 the
1010 368 1112 399 blind
1130 368 1167 398 to
1184 367 1243 397 see

521 415 724 451 Witnesser
739 415 783 449 of
798 413 905 449 Jesus
907 414 918 448 '
931 412 1038 448 merit
1042 413 1050 447 ,

587 458 694 499 Come
697 458 704 497 ,
722 456 767 496 oh
785 453 885 495 come
889 454 896 493 ,
914 452 987 493 and
1005 450 1113 491 dwell
1128 448 1168 489 in
1184 448 1241 488 me
1244 448 1253 487 .
1255 447 1272 487 ||

355 573 496 654 60

765 570 929 600 MERCY'S
954 572 1057 601 FREE
1060 572 1068 600 .

676 626 795 655 TUNE-
799 626 818 653 "
834 624 949 653 Eehold
968 622 1019 651 the
1038 622 1133 651 Lamb
1137 622 1144 649 .
1149 622 1166 649 "

490 694 509 736 1
534 693 587 735 By
603 691 691 735 faith
710 691 727 733 I
745 690 832 734 view
851 689 907 732 my
924 688 1072 732 Saviour
1089 686 1197 730 dying
1198 687 1207 729 ,

577 738 630 776 On
648 738 707 775 the
725 736 795 774 tree
799 737 806 774 ,
825 736 866 774 on
885 736 945 773 the
960 734 1032 772 tree
1044 735 1053 772 ;

535 782 586 823 To
603 781 710 822 every
725 780 843 822 sinner
861 781 919 821 He
935 780 963 821 is
982 779 1104 820 crying
1107 780 1114 820 ,

582 827 681 866 Look
697 828 731 865 to
751 827 810 864 Me
814 827 820 864 ,
838 825 921 864 look
937 826 972 863 to
989 825 1051 863 Me
1060 825 1072 862 ;

537 868 598 911 He
612 868 689 911 bids
706 868 766 911 the
781 868 895 911 guilty
914 868 988 911 now
1008 868 1100 911 draw
1116 868 1201 911 near
1203 868 1211 911 ,

539 914 676 962 Repent
679 915 686 960 ,
703 912 841 960 believe
841 912 848 957 ,
867 909 1006 957 dismiss
1022 908 1112 955 your
1128 907 1200 954 fear
1208 907 1221 952 :

540 961 644 1005 Hark
650 961 661 1003 !
683 960 774 1003 hark
782 960 793 1002 !
817 958 908 1002 what
925 956 1082 1001 precious
1101 956 1211 999 words
1228 956 1247 998 I
1262 954 1350 998 hear
1351 954 1360 996 ,

584 1007 734 1050 Mercy's
751 1006 821 1047 free
829 1006 840 1045 !
863 1003 1011 1045 Mercy's
1025 1002 1096 1042 free
1106 1002 1116 1041 !

497 1095 519 1135 2
541 1094 613 1134 Did
631 1092 749 1134 Christ
750 1093 757 1133 ,
776 1091 876 1133 when
895 1092 911 1132 I
931 1091 997 1132 was
1014 1091 1068 1131 sin
1086 1089 1257 1131 pursuing
1260 1089 1269 1129 ,

586 1140 669 1181 Pity
685 1140 742 1181 me
744 1140 751 1181 ,
769 1140 852 1181 Pity
868 1140 926 1181 me
926 1140 935 1181 ,

541 1181 625 1218 And
642 1180 702 1216 did
720 1179 780 1216 He
794 1177 914 1215 snatch
933 1176 990 1212 my
1008 1175 1084 1212 soul
1101 1174 1187 1211 from
1206 1173 1286 1209 ruin
1295 1173 1314 1208 ?

589 1228 660 1263 Can
677 1228 704 1261 it
721 1226 763 1260 be
769 1226 786 1259 ?
831 1224 907 1259 Can
920 1223 951 1257 it
966 1222 1010 1256 be
1014 1222 1033 1255 ?

544 1274 600 1318 Oh
602 1275 611 1317 ,
626 1273 687 1317 yes
694 1273 706 1315 !
730 1272 790 1315 He
804 1270 867 1314 did
881 1267 1054 1313 salvation
1073 1266 1174 1310 bring
1183 1266 1193 1308 ;

548 1319 606 1360 He
619 1319 649 1359 is
665 1317 725 1358 my
743 1316 896 1357 Prophet
900 1316 906 1355 ,
927 1314 1039 1355 Priest
1043 1314 1049 1353 ,
1068 1312 1136 1353 and
1154 1311 1253 1352 King
1264 1311 1276 1350 ;

546 1360 629 1405 And
645 1359 720 1404 now
739 1360 797 1403 my
814 1358 932 1403 happy
950 1357 1026 1402 soul
1043 1358 1107 1401 can
1124 1356 1201 1401 sing
1205 1357 1213 1400 ,

590 1407 738 1451 Mercy's
757 1406 828 1448 free
840 1405 851 1446 !
874 1403 1021 1446 Mercy's
1040 1401 1112 1444 free
1122 1401 1133 1442 !

503 1498 526 1540 3
546 1496 649 1540 Jesus
652 1496 659 1538 ,
676 1495 736 1538 the
751 1494 888 1538 mighty
908 1492 985 1536 God
1002 1491 1087 1535 hath
1105 1491 1237 1534 spoken

594 1541 705 1578 Peace
720 1543 755 1578 to
773 1544 827 1580 me
831 1544 838 1579 ,
856 1544 960 1581 peace
974 1546 1010 1581 to
1028 1546 1084 1583 me
1093 1547 1102 1582 ;

550 1585 638 1626 Now
656 1584 706 1624 all
721 1583 781 1624 my
798 1582 917 1623 chains
936 1582 974 1621 of
992 1580 1045 1621 sin
1064 1580 1122 1620 are
1138 1579 1270 1619 broken
1273 1579 1282 1618 ,

594 1634 614 1669 I
630 1631 686 1668 am
704 1630 775 1667 free
775 1630 784 1665 ,
800 1630 819 1665 I
837 1628 894 1664 am
910 1626 981 1663 free
983 1626 994 1661 .

550 1670 641 1709 Soon
659 1670 693 1709 as
712 1670 730 1709 I
748 1670 784 1709 in
803 1670 872 1709 His
889 1670 990 1709 name
1007 1670 1165 1709 believed
1168 1670 1177 1709 ,

1351 570 1386 594 P.
1399 570 1428 594 J.
1438 570 1471 594 67
1475 570 1482 594 .

551 1719 628 1759 The
644 1719 742 1758 Holy
759 1717 870 1758 Spirit
886 1718 904 1757 I
921 1716 1080 1757 received
1089 1717 1100 1756 ;

552 1759 636 1802 And
653 1759 772 1801 Christ
785 1758 871 1801 from
892 1758 994 1800 death
1013 1758 1070 1800 my
1087 1757 1164 1800 soul
1181 1756 1365 1800 reprieved
1375 1757 1385 1799 ;

598 1807 744 1849 Mercy's
763 1806 834 1847 free
845 1806 855 1845 !
880 1804 1026 1845 Mercy's
1046 1802 1117 1843 free
1124 1803 1134 1842 !

505 1900 531 1938 4
551 1898 654 1937 Jesus
670 1896 730 1935 my
746 1894 862 1935 weary
876 1893 954 1933 soul
970 1891 1137 1932 refreshes
1148 1891 1158 1929 ;

598 1941 746 1983 Mercy's
766 1940 837 1981 free
847 1941 857 1980 !
883 1938 1031 1980 Mercy's
1047 1937 1118 1978 free
1126 1937 1136 1976 !

555 1985 638 2029 And
653 1984 758 2028 every
773 1982 928 2027 moment
946 1981 1061 2025 Christ
1079 1981 1106 2023 is
1125 1978 1283 2023 precious

600 2028 693 2066 Unto
712 2029 766 2066 me
770 2030 779 2066 ,
795 2030 889 2067 Unto
907 2031 962 2067 me
969 2032 979 2068 ;

1400 241 1416 283 (
1416 241 1460 283 65
1463 241 1477 283 )
