3858 2605
298 146 375 198 46

336 1760 341 1771 -

482 231 518 258 A.
539 230 692 258 BARNES
692 230 702 256 .

421 319 538 406 S

444 480 484 530 1.
514 479 639 529 Come
644 480 652 529 ,
675 479 766 529 give
784 479 886 528 your
904 478 1020 528 heart
1038 478 1079 527 to
1096 478 1151 527 Je

308 2227 438 2324 E

408 922 445 963 b

446 1020 485 1069 3.
518 1020 639 1069 Come
643 1020 651 1069 ,
676 1020 781 1069 walk
800 1020 868 1069 the
888 1020 975 1069 way
999 1020 1096 1069 with
1116 1020 1168 1069 Je

309 1962 494 2053 22

1926 585 2164 698 Feife

441 752 483 804 2.
513 752 638 804 Come
642 752 652 804 ,
673 752 792 804 bring
810 752 912 804 your
931 752 1009 804 sins
1031 752 1071 804 to
1102 752 1321 804 Jesus
1326 752 1334 804 ,
1359 752 1466 804 Who
1494 752 1576 804 will
1630 752 1690 804 for
1690 752 1703 804 -
1706 752 1797 804 give
1817 752 1926 804 them
1974 752 2031 804 all
2033 752 2044 804 ,

512 1585 591 1633 His
641 1585 754 1633 prom
757 1585 771 1633 -
771 1585 829 1633 ise
891 1585 945 1633 he
1007 1579 1083 1630 has
1131 1586 1205 1636 giv

672 1659 851 1817 Jay

509 1854 606 1900 And
624 1854 780 1900 though
800 1854 901 1900 your
919 1854 999 1900 sins
1018 1854 1066 1900 be

1221 141 1441 198 COME
1447 141 1461 198 ,
1506 141 1698 198 GIVE
1734 141 1946 198 YOUR
1988 141 2266 198 HEART
2309 141 2404 198 TO
2443 141 2678 198 JESUS
2680 141 2695 198 .

1830 230 1902 255 Rev.
1918 230 1995 255 XXII
2004 230 2015 255 :
2026 230 2062 255 17

510 2126 596 2173 The
632 2126 731 2173 path
766 2126 849 2173 will
889 2126 951 2173 oft
1020 2124 1072 2158 be

1253 486 1318 527 sus
1322 485 1334 524 ,
1356 480 1464 523 Who
1481 476 1573 519 died

1138 1868 1222 1892 scar

1060 2233 1201 2340 Ed

1590 486 1697 537 your
1708 476 1799 525 soul

2071 316 2189 425 #

1855 478 1899 523 to
1961 478 2039 525 win
2042 479 2052 524 ,
2083 479 2191 526 That
2246 481 2298 526 he
2318 481 2408 528 may
2429 482 2523 528 sanc
2532 483 2547 528 -
2555 483 2590 528 ti
2625 484 2640 529 -
2672 484 2723 531 fy

1258 1608 1272 1613 -

2124 752 2173 788 If

2234 869 2304 954 C
2283 869 2319 953 -
2310 869 2381 955 48

998 1023 1096 1062 with
1115 1022 1333 1063 Jesus
1338 1024 1348 1063 ,
1369 1024 1479 1063 Who
1521 1024 1575 1064 ev

1371 1023 1476 1058 Who
1521 1023 1681 1058 ever
1713 1023 1826 1058 waits
1851 1023 1892 1058 to

1640 1019 1685 1075 er
1713 1019 1830 1075 waits
1852 1019 1896 1075 to
1954 1019 2051 1075 lead
2060 1019 2073 1075 ;
2117 1019 2182 1075 He
2200 1019 2308 1075 gives
2329 1019 2401 1075 the
2419 1019 2521 1075 faith
2540 1019 2621 1075 and
2666 1019 2891 1075 courage
2894 1019 2904 1075 ,
2922 1019 2993 1075 All
3011 1019 3101 1075 that
3119 1019 3196 1075 you
3232 1019 3392 1075 ever
3405 1019 3504 1075 need
3507 1019 3516 1075 .

2555 1146 2671 1227 7

1321 1598 1370 1622 en
1426 1586 1536 1620 That
1569 1586 1621 1620 he
1678 1586 1759 1620 will
1778 1586 1896 1620 make
1911 1586 1948 1620 it

2238 622 2478 728 CEL

2217 767 2295 801 you
2299 767 2310 800 ,

2331 749 2428 789 with
2449 753 2539 792 true
2557 758 2601 795 re
2628 760 2645 796 -

2672 751 2869 802 pentance
2874 751 2883 802 ,
2905 751 3008 802 Will
3020 751 3119 802 heed
3142 751 3211 802 the
3229 751 3410 802 gracious
3428 751 3507 802 call
3517 751 3528 802 ;

2384 1416 2453 1521 5

2017 1587 2102 1638 new
2107 1588 2117 1637 ,
2138 1586 2249 1637 Then
2269 1585 2360 1636 give
2380 1584 2480 1635 your
2502 1583 2615 1634 heart
2636 1583 2676 1632 to
2694 1583 2750 1632 Je

1325 1852 1383 1898 let
1386 1852 1396 1898 ,
1437 1852 1504 1898 He
1523 1852 1659 1900 makes
1680 1853 1790 1899 them
1814 1853 1930 1900 white
1950 1854 1992 1900 as
2012 1854 2118 1901 snow
2124 1855 2131 1901 ,
2155 1855 2266 1901 Then
2290 1855 2406 1902 bring
2429 1856 2536 1902 them
2559 1856 2611 1903 all
2633 1857 2675 1903 to
2691 1857 2747 1903 Je

2782 1881 2796 1888 w

3328 330 3480 418 Ef

2825 482 2860 524 it
2865 482 2873 524 ,
2897 482 2992 524 And
3008 482 3159 524 cleanse
3181 482 3211 524 it
3232 482 3332 524 from
3350 482 3404 524 all
3424 482 3482 524 sin
3483 482 3494 524 .

3292 233 3325 258 O.
3344 233 3375 257 C.
3397 231 3471 257 CAS

2789 2150 2805 2157 6

1144 2126 1390 2178 rugged
1396 2126 1404 2178 ,
1428 2126 1524 2178 And
1572 2126 1746 2178 trials
1750 2126 1757 2178 ,
1783 2126 1848 2178 too
1853 2126 1861 2178 ,
1884 2126 1963 2178 will
2005 2126 2115 2178 come
2120 2126 2127 2178 ,
2159 2126 2242 2178 But
2263 2126 2368 2178 walk
2388 2126 2455 2178 the
2476 2126 2564 2178 way
2585 2126 2683 2178 with
2703 2126 2757 2178 Je
2840 2126 2907 2178 sus
2910 2126 2920 2178 ,

3522 1418 3616 1544 1

2843 1585 2908 1633 sus
2912 1585 2922 1633 ,
2945 1585 3041 1633 And
3060 1585 3145 1633 find
3163 1585 3233 1633 the
3257 1585 3427 1633 promise
3447 1585 3533 1633 true
3537 1585 3549 1633 ,

2835 1854 2899 1905 sus
2905 1854 2914 1904 ,
2936 1854 3042 1904 That
3059 1853 3138 1904 you
3161 1853 3222 1903 his
3238 1853 3325 1903 love
3342 1852 3433 1903 may
3451 1852 3565 1902 know
3569 1852 3579 1902 .

2840 2130 2907 2175 sus
2906 2129 2920 2170 ,
2950 2123 3008 2167 To
3034 2118 3099 2162 his

3173 2130 3195 2166 e
3246 2127 3307 2165 ter
3312 2128 3325 2164 -
3327 2126 3396 2164 nal
3415 2125 3529 2163 home
3534 2125 3542 2161 .

3239 2289 3395 2376 F

3447 2225 3601 2359 1
