2061 2953
310 324 413 351 Rivers
427 324 460 351 of
471 324 526 351 life
541 324 641 351 divine
658 324 669 351 I
684 324 733 351 see
735 324 743 351 ,

343 358 408 385 And
424 358 500 385 trees
514 358 547 385 of
559 358 695 385 paradise
702 358 712 385 :

309 390 323 419 I
338 390 385 419 see
401 390 417 419 a
433 390 527 419 world
539 390 570 419 of
584 390 681 419 spirits
698 390 798 419 bright
800 390 807 419 ,

343 422 415 451 Who
429 422 506 451 taste
519 422 570 451 the
584 422 732 451 pleasures
748 422 833 451 there
841 422 850 451 ;

309 455 389 486 They
402 455 443 486 all
457 455 508 486 are
522 455 612 486 robed
628 455 658 486 in
675 455 797 486 spotless
812 455 904 486 white
905 455 912 486 ,

340 488 407 520 And
422 487 603 519 conquering
619 486 713 518 palms
728 485 798 516 they
811 484 881 516 bear
884 485 892 515 .

306 540 325 570 4
340 540 363 570 O
380 540 459 570 what
472 540 524 570 are
537 540 577 570 all
592 540 640 570 my
655 540 813 570 sufferings
827 540 898 570 here
901 540 908 570 ,

340 574 368 603 If
370 574 376 602 ,
393 573 467 602 Lord
471 573 476 601 ,
492 572 563 602 thou
579 571 667 601 count
684 571 730 599 me
745 569 823 599 meet

308 604 387 635 With
402 604 466 635 that
481 604 660 635 enraptured
674 604 739 635 host
753 604 784 635 to
798 604 909 635 appear
912 604 919 635 ,

342 638 405 668 And
420 637 547 667 worship
561 637 593 667 at
606 637 658 666 thy
672 637 733 666 feet
745 637 751 666 !

650 248 756 277 TIME
788 248 879 277 AND
913 248 1135 277 ETERNITY
1138 248 1165 277 -
1179 248 1363 277 HEAVEN
1366 248 1375 277 .

307 672 381 701 Give
394 672 443 701 joy
458 672 489 701 or
504 672 583 701 grief
585 672 590 701 ,
607 672 675 701 give
690 672 758 701 ease
771 672 803 701 or
816 672 887 701 pain
891 672 899 701 ,

342 699 420 730 Take
435 700 487 730 life
503 701 535 730 or
550 701 663 732 friends
679 702 762 733 away
765 703 772 732 ,

308 737 366 764 But
381 737 423 764 let
437 737 483 764 me
499 737 558 764 find
574 737 653 764 them
670 737 710 764 all
724 737 813 764 again

340 768 373 795 In
388 768 453 795 that
467 768 581 797 eternal
596 769 652 796 day
656 770 664 797 .

562 872 674 888 FOURTH
690 872 759 888 PART
762 872 767 888 .

309 899 460 938 1033
487 901 666 941 Communion
677 903 743 941 with
753 903 844 942 saints
853 904 883 942 in
893 904 995 943 heaven
995 906 1004 943 .

307 957 322 989 1
339 955 425 989 COME
428 956 433 988 ,
449 955 490 987 let
506 955 539 987 us
554 954 616 987 join
632 954 685 986 our
701 952 815 986 friends
829 951 924 985 above

341 989 414 1019 That
428 989 505 1019 have
519 989 659 1019 obtained
675 989 725 1019 the
743 989 823 1019 prize
824 989 829 1019 ,

307 1023 374 1052 And
389 1023 425 1052 on
441 1023 491 1052 the
505 1023 589 1052 eagle
605 1023 701 1052 wings
715 1023 747 1052 of
759 1023 826 1052 love

341 1055 379 1085 To
393 1054 456 1084 joys
472 1053 604 1084 celestial
617 1051 676 1082 rise
678 1052 685 1081 .

307 1086 360 1115 Let
374 1086 415 1115 all
428 1086 479 1115 the
493 1086 585 1116 saints
600 1086 765 1117 terrestrial
778 1087 846 1117 sing
848 1088 857 1117 ,

341 1117 419 1147 With
433 1118 519 1148 those
531 1120 560 1148 to
577 1120 658 1150 glory
673 1121 749 1151 gone
755 1123 767 1151 ;

308 1152 363 1180 For
377 1152 417 1180 all
431 1152 480 1180 the
495 1152 628 1182 servants
644 1153 674 1181 of
689 1153 744 1181 our
758 1153 834 1181 King
839 1154 846 1182 ,

339 1185 374 1212 In
389 1185 474 1212 earth
486 1185 545 1212 and
559 1185 673 1213 heaven
678 1186 683 1213 ,
698 1186 747 1213 are
762 1186 820 1214 one
821 1187 829 1214 .

305 1238 322 1267 2
339 1238 403 1267 One
415 1238 519 1267 family
535 1238 579 1267 we
595 1238 681 1267 dwell
696 1238 727 1267 in
743 1238 803 1267 him
807 1238 814 1267 ,

339 1272 402 1299 One
416 1272 526 1299 church
541 1272 634 1299 above
637 1272 642 1299 ,
659 1272 783 1299 beneath
788 1272 794 1299 ,

307 1302 429 1333 Though
444 1302 509 1333 now
527 1302 645 1333 divided
662 1302 696 1333 by
713 1302 762 1333 the
774 1302 884 1333 stream
888 1302 895 1333 ,

340 1337 398 1365 The
413 1336 528 1364 narrow
546 1335 653 1363 stream
659 1335 664 1362 ,
682 1335 712 1362 of
727 1333 814 1362 death
819 1334 826 1361 .

305 1369 368 1399 One
381 1369 464 1399 army
477 1369 509 1399 of
523 1369 572 1399 the
587 1369 679 1399 living
698 1369 758 1399 God
762 1369 768 1399 ,

339 1401 379 1427 To
397 1401 441 1427 his
456 1401 611 1428 command
629 1402 673 1428 we
688 1402 752 1428 bow
761 1402 770 1428 ;

720 807 829 820 CHARLES
845 807 943 820 WESLEY
945 807 950 820 .

304 1435 377 1463 Part
390 1435 423 1463 of
437 1435 480 1463 his
497 1435 563 1463 host
577 1435 652 1463 have
668 1435 784 1463 crossed
797 1435 849 1463 the
863 1435 939 1463 flood
942 1435 949 1463 ,

338 1468 406 1496 And
420 1468 485 1496 part
500 1468 551 1496 are
565 1468 697 1496 crossing
710 1468 777 1496 now
781 1468 789 1496 .

338 1568 658 1594 BURLINGTON
666 1568 673 1592 .

327 1814 363 1842 b
361 1814 395 1842 -
393 1814 420 1842 4

294 2336 366 2369 l.b.

531 1651 556 1662 SEGA

745 1571 784 1594 C.
808 1571 859 1594 M.

1052 320 1067 347 3
1085 319 1144 346 Ten
1160 318 1304 346 thousand
1320 318 1350 345 to
1365 318 1442 345 their
1458 318 1572 345 endless
1587 317 1675 344 home

1087 355 1153 381 This
1168 355 1281 381 solemn
1297 355 1427 381 moment
1443 355 1477 381 fly
1486 355 1496 381 ;

1052 384 1121 416 And
1135 384 1182 416 we
1196 384 1246 416 are
1260 384 1289 416 to
1305 384 1355 416 the
1371 384 1488 416 margin
1504 384 1586 416 come
1589 384 1596 416 ,

1085 420 1151 450 And
1168 421 1211 449 we
1228 419 1331 449 expect
1346 419 1376 447 to
1391 419 1439 447 die
1442 419 1448 447 .

1053 453 1104 479 His
1121 453 1250 479 militant
1265 453 1419 479 embodied
1435 453 1500 479 host
1502 453 1508 479 ,

977 2625 1038 2651 385

1085 483 1163 510 With
1177 483 1298 511 wishful
1313 484 1395 511 looks
1411 484 1455 511 we
1469 484 1555 512 stand
1560 485 1567 512 ,

1051 518 1118 547 And
1132 518 1204 547 long
1220 518 1250 547 to
1263 518 1311 547 see
1325 518 1390 547 that
1404 518 1501 547 happy
1514 518 1595 547 coast
1596 518 1604 547 ,

1083 549 1150 580 And
1164 549 1254 580 reach
1267 549 1318 580 the
1333 549 1476 580 heavenly
1489 549 1560 580 land
1563 549 1570 580 .

1048 600 1066 630 4
1082 599 1141 629 Our
1155 599 1204 629 old
1219 597 1408 629 companions
1425 598 1454 628 in
1472 596 1592 627 distress

1084 632 1134 660 We
1149 632 1231 662 haste
1247 633 1336 663 again
1351 634 1382 662 to
1395 635 1445 663 see
1447 635 1453 663 ,

1049 666 1117 696 And
1132 666 1223 695 eager
1236 666 1306 695 long
1323 665 1367 694 for
1383 665 1437 694 our
1452 664 1565 694 release
1567 664 1574 693 ,

1083 698 1148 725 And
1164 698 1221 725 full
1234 698 1348 727 felicity
1352 699 1360 726 .

1051 731 1121 760 E'en
1137 731 1202 760 now
1219 731 1256 760 by
1270 731 1345 760 faith
1363 731 1406 760 we
1421 731 1483 760 join
1499 731 1553 760 our
1567 731 1664 760 hands

1084 765 1161 789 With
1175 765 1259 789 those
1274 765 1339 789 that
1355 765 1435 789 went
1450 765 1550 789 before
1563 765 1573 789 ;

1050 797 1115 827 And
1128 797 1213 827 greet
1225 797 1277 827 the
1292 797 1376 827 blood
1379 797 1390 827 -
1393 797 1581 827 besprinkled
1596 797 1691 827 bands

1082 831 1125 854 On
1140 831 1191 854 the
1206 831 1321 854 eternal
1334 831 1420 854 shore
1423 831 1431 854 .

1048 879 1065 908 5
1082 879 1141 908 Our
1156 879 1254 908 spirits
1258 879 1264 908 ,
1280 879 1327 908 too
1331 879 1336 908 ,
1354 879 1430 908 shall
1444 879 1564 908 quickly
1577 879 1640 908 join
1644 879 1653 908 ,

1083 909 1152 942 Like
1168 909 1256 943 theirs
1273 910 1344 943 with
1361 911 1444 944 glory
1458 911 1594 945 crowned
1597 912 1604 944 ,

1049 942 1117 973 And
1132 942 1219 974 shout
1231 943 1262 974 to
1278 943 1325 974 see
1341 943 1394 974 our
1408 943 1557 976 Captain's
1572 945 1638 976 sign
1642 945 1649 976 ,

1082 978 1121 1006 To
1137 978 1209 1006 hear
1223 978 1267 1006 his
1283 978 1412 1006 trumpet
1429 978 1522 1006 sound
1527 978 1533 1006 .

1049 1009 1072 1040 O
1084 1009 1150 1040 that
1163 1009 1208 1040 we
1222 1009 1289 1040 now
1306 1009 1402 1040 might
1416 1009 1504 1040 grasp
1518 1009 1573 1040 our
1588 1009 1684 1040 Guide
1690 1009 1700 1040 !

1082 1041 1105 1072 O
1119 1041 1185 1072 that
1198 1041 1249 1072 the
1264 1041 1347 1072 word
1362 1041 1441 1072 were
1455 1041 1545 1072 given
1554 1041 1565 1072 !

1051 1074 1138 1103 Come
1142 1074 1147 1103 ,
1166 1074 1241 1103 Lord
1255 1074 1286 1103 of
1300 1074 1379 1103 hosts
1385 1074 1390 1103 ,
1406 1074 1457 1103 the
1472 1074 1568 1103 waves
1583 1074 1683 1103 divide
1685 1074 1692 1103 ,

1082 1106 1148 1131 And
1162 1106 1234 1131 land
1249 1106 1283 1131 us
1298 1106 1338 1131 all
1353 1106 1383 1131 in
1400 1106 1514 1131 heaven
1521 1106 1530 1131 !

1279 1200 1413 1224 Doxology
1416 1200 1423 1224 .

1048 1237 1115 1268 THE
1131 1237 1194 1268 God
1207 1237 1241 1268 of
1254 1237 1353 1268 mercy
1369 1237 1403 1268 be
1419 1237 1528 1268 adored
1532 1237 1538 1268 ,

1082 1271 1153 1296 Who
1168 1271 1238 1296 calls
1254 1271 1307 1296 our
1322 1271 1399 1296 souls
1415 1271 1487 1296 from
1506 1271 1592 1296 death
1597 1271 1603 1296 ,

1047 1302 1121 1333 Who
1133 1302 1219 1333 saves
1234 1302 1271 1333 by
1285 1302 1329 1333 his
1345 1302 1517 1333 redeeming
1532 1302 1614 1333 word
1616 1302 1623 1333 ,

1081 1334 1146 1364 And
1162 1334 1227 1364 new
1229 1334 1242 1364 -
1245 1334 1376 1366 creating
1393 1335 1498 1367 breath
1504 1336 1513 1366 ;

1047 1368 1088 1398 To
1102 1368 1200 1398 praise
1213 1368 1264 1398 the
1280 1368 1384 1398 Father
1386 1368 1392 1398 ,
1410 1368 1470 1398 and
1484 1368 1535 1398 the
1549 1368 1604 1398 Son
1608 1368 1616 1398 ,

1080 1401 1146 1431 And
1161 1401 1249 1431 Spirit
1263 1401 1306 1431 all
1306 1401 1318 1431 -
1320 1401 1420 1431 divine
1423 1401 1429 1431 ,

1047 1431 1107 1459 The
1123 1431 1183 1459 One
1197 1432 1227 1460 in
1243 1431 1336 1461 Three
1341 1432 1345 1460 ,
1362 1433 1420 1461 and
1438 1433 1531 1463 Three
1545 1434 1575 1462 in
1592 1434 1655 1462 One
1658 1435 1666 1463 ,-

1079 1465 1131 1492 Let
1147 1465 1238 1494 saints
1255 1466 1312 1493 and
1329 1466 1431 1495 angels
1445 1467 1506 1495 join
1511 1468 1519 1495 .

1043 1662 1061 1675 82

1013 1787 1058 1819 be

1457 1144 1566 1159 CHARLES
1581 1144 1678 1159 WESLEY
1680 1144 1686 1159 .

1043 1828 1063 1841 2

1518 1502 1586 1518 ISAAC
1603 1503 1680 1519 WATTS
1682 1505 1689 1519 .

1282 1576 1349 1597 JOHN
1364 1576 1526 1598 FRECKLETON
1542 1577 1680 1599 BURROWES
1682 1578 1690 1599 .

1548 2513 1624 2577 TE
