1377 2074
284 264 372 318 65

405 427 442 459 2

333 514 440 548 HOLY
463 514 567 548 Bible
583 514 591 548 !
644 514 741 548 Book
767 514 892 548 divine
904 514 915 548 !

334 557 507 598 Precious
527 559 691 599 treasure
696 560 702 599 ,
722 560 812 601 thou
834 561 891 601 art
910 562 1010 602 mine
1019 563 1029 602 !

331 600 436 640 Mine
454 603 490 641 to
508 604 572 642 tell
590 605 647 644 me
667 607 818 647 whence
836 611 851 648 I
871 611 974 651 came
976 613 983 650 ,

332 651 437 686 Mine
454 653 489 686 to
508 654 612 688 teach
634 655 690 690 me
713 657 810 691 what
830 659 848 692 I
870 659 927 693 am
931 660 940 693 .

283 719 307 755 2
331 719 435 758 Mine
452 722 489 759 to
508 723 616 761 chide
637 725 694 762 me
715 726 824 765 when
842 729 862 765 I
883 730 969 768 rove
970 732 978 768 ,

330 768 434 808 Mine
451 770 487 808 to
504 771 607 810 show
628 773 648 811 a
669 773 824 814 Savior's
843 775 926 815 love
928 777 938 815 ,

330 812 434 862 Mine
452 815 488 863 to
509 815 619 865 guide
639 818 701 866 my
723 819 865 870 willing
884 822 958 871 feet
958 824 965 871 ,

330 860 436 908 Mine
454 863 489 909 to
505 863 619 911 judge
623 865 631 910 ,
649 865 830 914 condemn
833 869 840 914 ,
860 869 987 917 acquit
986 871 994 916 .

475 219 589 253 THE
623 219 988 253 SCRIPTURES
995 219 1008 253 .

610 286 782 312 Hendon
789 286 798 312 .
839 286 878 312 7s
879 286 890 312 .

288 934 308 973 3
333 933 437 974 Mine
459 935 494 974 to
518 935 672 976 comfort
692 937 729 976 in
752 937 902 978 distress
906 939 916 978 ,

331 983 375 1025 If
390 983 452 1025 the
469 984 568 1027 Holy
583 985 697 1028 Spirit
713 987 810 1029 bless
824 988 832 1029 ;

332 1025 436 1072 Mine
454 1027 490 1072 to
511 1027 614 1074 show
613 1028 621 1073 ,
643 1029 689 1074 by
711 1029 825 1076 living
846 1030 939 1077 faith
943 1032 949 1077 ,

333 1078 423 1122 Man
443 1078 512 1122 can
534 1078 699 1122 triumph
721 1078 807 1122 over
826 1078 935 1122 death
939 1078 947 1122 .

284 1143 310 1185 4
334 1143 438 1188 Mine
458 1146 494 1189 to
517 1147 584 1190 tell
602 1149 643 1192 of
657 1150 742 1194 joys
760 1152 796 1195 to
815 1152 917 1197 come
916 1155 927 1197 ,

335 1197 419 1228 And
441 1197 502 1228 the
523 1197 626 1228 rebel
643 1197 800 1228 sinner's
823 1197 927 1228 doom
933 1197 942 1228 .

335 1240 393 1282 Oh
403 1240 414 1282 !
438 1240 527 1282 thou
546 1240 632 1283 holy
651 1241 749 1283 Book
771 1241 894 1285 divine
898 1242 905 1284 ,

335 1290 513 1328 Precious
532 1290 695 1328 treasure
699 1290 705 1328 ,
725 1290 813 1328 thou
837 1290 893 1328 art
913 1290 1012 1328 mine
1022 1290 1032 1328 !

289 1432 375 1480 66

405 1591 446 1625 4

833 1347 922 1376 JOHN
935 1347 1064 1376 BURTON
1068 1347 1075 1376 ,
1084 1347 1151 1376 1805
1152 1347 1160 1376 .

629 1449 729 1474 Give
731 1449 739 1474 .
776 1449 813 1474 C.
834 1449 885 1474 M.

486 1546 575 1634 #
518 1544 590 1632 2

338 1677 431 1723 How
448 1677 616 1723 precious
635 1677 664 1723 is
685 1677 746 1723 the
765 1677 857 1723 book
877 1677 999 1723 divine
1004 1677 1009 1723 ,

386 1725 441 1770 By
459 1724 678 1771 inspiration
697 1726 806 1771 given
818 1726 827 1771 !

340 1770 469 1814 Bright
487 1771 525 1813 as
549 1771 569 1813 a
584 1770 683 1812 lamp
702 1770 746 1812 its
767 1768 952 1812 doctrines
970 1767 1077 1811 shine
1080 1768 1088 1810 ,

385 1821 436 1861 To
454 1819 564 1860 guide
586 1818 656 1859 our
670 1817 768 1858 souls
788 1817 825 1857 to
841 1816 983 1856 heaven
985 1816 994 1855 .

1147 174 1194 209 51
