2681 2184
307 233 381 274 88

366 293 473 326 Words
487 294 639 327 arranged
643 296 650 327 .

445 331 626 356 Spirited
634 331 643 356 .

407 347 492 410 12.11

442 414 484 451 4

386 752 410 783 ·
391 751 527 786 94-9

420 491 452 521 1.
476 491 491 521 '
487 491 548 521 Tis
559 491 664 521 sweet
679 491 716 521 to
762 491 883 521 reflect
928 490 973 534 on
1000 490 1062 534 the
1069 490 1148 534 joys
1158 490 1238 534 that
1247 490 1260 534 ,
1276 490 1296 534 a
1298 490 1310 534 -
1314 490 1399 534 wait
1424 490 1480 534 me
1519 490 1565 534 In
1615 490 1670 534 E-
1685 490 1750 534 den
1799 490 1817 534 a
1822 490 1834 534 -
1837 490 1926 534 bove
1930 490 1937 534 ,
1943 490 2059 534 where
2073 490 2088 534 I
2111 490 2203 534 hope
2224 490 2242 534 I
2275 490 2370 534 shall
2385 490 2456 534 rest
2465 490 2475 534 ;

416 543 452 590 2.
462 543 580 590 There
590 543 634 590 an
646 543 660 590 -
669 543 726 590 gel
747 543 802 590 -ic
835 543 971 590 legions
974 543 983 590 ,
987 543 1071 590 with
1083 543 1153 590 harps
1164 543 1236 590 tuned
1268 543 1306 590 ce
1310 543 1323 590 -
1335 543 1383 590 les
1390 543 1401 590 -
1405 543 1471 590 tial
1474 543 1480 590 ,
1496 543 1573 590 Har
1575 543 1588 590 -
1593 543 1648 590 mo
1666 543 1678 590 -
1690 543 1833 590 niously
1843 543 1917 590 join
1950 543 1986 590 in
2020 543 2084 590 the
2108 543 2173 590 con
2179 543 2191 590 -
2191 543 2269 590 cert
2298 543 2341 590 of
2361 543 2478 590 praise
2484 543 2495 590 ;

418 596 451 640 3.
460 596 561 640 Then
575 596 649 640 hail
654 596 660 640 ,
665 596 800 641 blessed
816 597 905 641 state
910 597 918 641 !
930 597 1008 642 hail
1010 598 1018 642 ,
1022 598 1063 642 ye
1077 597 1249 643 songsters
1270 599 1310 643 of
1327 599 1386 643 glo
1390 599 1402 643 -
1406 599 1444 643 ry
1460 599 1469 643 !
1494 599 1548 644 Ye
1574 600 1663 644 harp
1675 600 1689 644 -
1699 600 1751 644 ers
1785 601 1822 645 of
1830 601 1916 645 bliss
1921 601 1928 645 ,
1932 601 2022 645 Soon
2040 601 2099 646 I'll
2112 602 2204 646 meet
2216 602 2285 646 you
2307 602 2328 646 a
2343 603 2359 647 -
2373 603 2463 647 bove
2464 603 2474 647 ,

391 1355 413 1380 9-

317 951 417 1063 &

418 1090 550 1134 Where
561 1090 646 1134 glo-
661 1090 692 1134 ri
703 1090 717 1134 -
728 1090 794 1134 fied
808 1090 881 1134 spir
884 1090 894 1134 -
899 1090 941 1134 its
956 1090 1043 1134 with
1055 1090 1100 1134 wel
1111 1090 1124 1134 -
1136 1090 1198 1134 come
1213 1090 1285 1134 will
1298 1090 1395 1134 greet
1408 1090 1461 1134 me
1467 1090 1473 1134 ,
1494 1090 1573 1134 And
1594 1090 1674 1134 lead
1701 1090 1758 1134 me
1789 1090 1824 1134 to
1843 1090 2023 1134 mansions
2038 1090 2204 1134 prepar'd
2220 1090 2275 1134 for
2291 1090 2352 1134 the
2369 1090 2463 1134 blest
2464 1090 2474 1134 .

416 1145 493 1190 The
510 1145 623 1190 saints
626 1145 633 1190 ,
651 1145 688 1190 as
699 1145 784 1190 they
799 1145 891 1190 flock
905 1145 997 1190 from
1009 1145 1071 1190 the
1082 1145 1264 1190 mansions
1279 1145 1471 1190 terrestrial
1477 1145 1484 1190 ,
1509 1145 1553 1190 In
1588 1145 1674 1190 loud
1695 1145 1755 1190 hal
1769 1145 1782 1190 -
1794 1145 1827 1190 le
1841 1145 1854 1190 -
1863 1145 1902 1190 lu
1906 1145 1917 1190 -
1918 1145 1996 1190 jahs
2010 1145 2107 1190 their
2117 1145 2200 1190 voic
2203 1145 2214 1190 -
2219 1145 2253 1190 es
2270 1145 2346 1190 will
2365 1145 2456 1190 raise
2456 1145 2465 1190 .

416 1201 502 1244 And
528 1201 605 1244 join
622 1201 714 1244 your
727 1201 794 1244 full
805 1201 903 1244 choir
914 1201 950 1244 in
968 1201 1004 1244 re
1009 1201 1019 1244 -
1024 1201 1124 1244 hears
1129 1201 1140 1244 -
1143 1201 1204 1244 ing
1224 1201 1286 1244 the
1305 1201 1445 1244 story
1449 1201 1456 1244 ,
1486 1201 1679 1244 Redeem'd
1692 1201 1782 1244 from
1796 1201 1845 1244 all
1859 1201 1913 1244 sin
1927 1201 2010 1244 thro
2012 1201 2022 1244 '
2034 1201 2094 1244 the
2111 1201 2194 1244 dear
2207 1201 2361 1244 Savior's
2374 1201 2481 1244 blood
2487 1201 2498 1244 .

441 1544 634 1568 CHORUS
640 1544 651 1568 .

1010 232 1167 275 JOYS
1211 232 1383 275 THAT
1429 232 1653 275 AWAIT
1693 232 1787 275 ME
1794 232 1805 275 .

921 297 979 329 His
992 297 1094 329 praise
1106 297 1188 329 shall
1202 297 1402 329 continually
1416 297 1452 329 be
1467 297 1499 329 in
1514 297 1567 329 my
1580 297 1692 329 mouth
1696 297 1736 329 .--
1740 297 1777 329 Ps
1780 297 1785 329 .
1800 297 1834 329 34
1842 297 1850 329 :
1868 297 1885 329 1
1888 297 1896 329 .

316 1833 373 1882 9
360 1833 404 1882 :
388 1834 446 1883 2

384 1877 413 1909 -b-

2205 301 2239 325 R.
2257 301 2290 325 A.
2307 301 2419 327 GLENN
2424 303 2433 327 .

650 1675 662 1684 O

758 1559 963 1692 #

1383 1602 1486 1698 F

2299 1573 2454 1677 dd

459 1727 571 1771 Glory
586 1727 663 1771 hal-
674 1727 732 1771 le-
743 1727 783 1771 lu
788 1727 800 1771 -
797 1727 857 1771 jah
864 1727 871 1771 !
884 1727 984 1771 there
996 1727 1086 1771 we'll
1098 1727 1175 1771 sing
1190 1727 1250 1771 the
1266 1727 1360 1771 story
1365 1727 1371 1771 ,
1378 1727 1493 1771 When
1508 1727 1567 1771 the
1578 1727 1642 1771 King
1682 1727 1721 1771 of
1736 1727 1825 1771 beau
1830 1727 1842 1771 -
1845 1727 1881 1771 ty
1901 1727 1952 1771 we
1990 1727 2033 1771 be
2032 1727 2047 1771 -
2051 1727 2137 1771 hold
2159 1727 2206 1771 up
2211 1727 2224 1771 -
2226 1727 2270 1771 on
2280 1727 2337 1771 the
2350 1727 2479 1771 throne
2482 1727 2490 1771 .
