2434 3214
348 877 424 1015 Fa

322 1289 387 1360 9
385 1289 414 1359 :

359 1416 417 1484 S.

499 316 719 351 AUTUMN
726 317 737 350 .
775 316 832 349 8s
855 316 884 349 &
912 316 967 349 7s
973 316 983 349 .
1022 315 1073 348 D.

471 763 653 849 539

453 1567 510 1617 -b

1348 563 1434 622 ge

590 627 619 661 1.
664 627 725 661 Glo
730 627 740 661 -
743 627 832 661 rious
845 627 959 661 things
977 627 1013 661 of
1031 627 1108 661 thee
1126 627 1184 661 are
1229 627 1400 661 spoken
1402 627 1412 661 ,

592 1163 643 1191 He
689 1162 801 1190 whose
818 1161 909 1189 word

471 1198 514 1226 D.
537 1198 556 1226 S
587 1198 673 1226 With
714 1198 770 1226 Sal
787 1198 799 1226 -
825 1198 866 1226 va

316 1840 545 1921 9:25

408 1912 445 1951 -D-

825 834 902 908 p

967 222 1233 268 CHURCH
1271 222 1599 268 MEETINGS
1603 222 1614 268 .

584 1726 637 1752 On
704 1727 764 1750 the
814 1728 895 1751 rock

984 1164 1044 1190 can
1049 1165 1059 1189 -
1064 1163 1123 1189 not
1156 1162 1198 1187 be
1252 1160 1424 1191 broken
1430 1160 1437 1191 ,
1473 1160 1610 1191 Formed
1625 1160 1702 1191 thee
1739 1160 1789 1191 for
1837 1160 1888 1191 his

947 1193 1045 1225 tion's
1061 1193 1153 1225 walls
1168 1193 1223 1225 sur
1229 1193 1238 1225 -
1241 1193 1352 1225 round
1358 1193 1367 1225 -
1372 1193 1411 1225 ed
1418 1193 1426 1225 ,
1425 1193 1435 1225 "
1479 1196 1571 1226 Thou
1586 1196 1703 1226 may'st
1723 1196 1818 1226 smile
1852 1196 1890 1226 at

1712 1228 1765 1261 e

322 2006 444 2063 162
441 2005 458 2058 ,
490 2003 530 2057 8s
537 2002 572 2055 &
574 2000 615 2054 75
611 2000 625 2052 .
631 1997 679 2051 D.
690 1995 747 2049 Isa
751 1995 762 2047 .
776 1992 824 2046 33.
836 1989 886 2044 20.
898 1988 939 2042 21
938 1988 949 2040 .

530 2037 608 2068 Zion
629 2037 654 2068 is
676 2037 827 2068 defended
849 2037 912 2068 and
930 2037 1075 2068 supplied
1077 2037 1086 2068 .

322 2088 350 2133 2
377 2087 454 2132 See
470 2086 541 2132 the
563 2085 734 2132 streams
758 2085 804 2130 of
823 2083 950 2130 living
971 2082 1116 2129 waters

434 2138 656 2190 Springing
678 2137 785 2187 from
814 2134 975 2185 eternal
996 2133 1091 2183 love
1092 2133 1104 2181 ,

377 2191 486 2241 Well
503 2190 656 2240 supply
679 2190 754 2239 thy
776 2189 871 2238 sons
895 2189 975 2237 and
992 2187 1212 2237 daughters
1217 2188 1228 2236 ,

433 2249 529 2284 And
545 2249 599 2284 all
617 2249 705 2284 fear
730 2249 775 2284 of
798 2249 905 2284 want
924 2249 1087 2284 remove
1099 2249 1111 2284 :

380 2304 485 2342 Who
506 2302 582 2340 can
602 2301 710 2339 faint
734 2299 848 2338 while
872 2297 971 2336 such
993 2297 1016 2334 a
1033 2295 1142 2334 river

1096 2002 1256 2031 NEWTON
1259 2005 1268 2031 .

432 2353 539 2397 Ever
559 2353 671 2397 flows
695 2353 800 2397 their
831 2353 952 2397 thirst
970 2353 1182 2397 t'assuage
1189 2353 1210 2397 ?

379 2406 512 2455 Grace
519 2407 526 2454 ,
552 2405 685 2454 which
706 2406 786 2453 like
809 2405 878 2452 the
900 2403 1009 2452 Lord
1017 2404 1023 2451 ,
1047 2404 1117 2451 the
1135 2402 1249 2451 giver
1252 2403 1262 2450 ,

434 2458 569 2501 Never
584 2460 679 2502 fails
704 2461 809 2504 from
830 2462 904 2505 age
924 2463 966 2505 to
989 2463 1063 2506 age
1068 2465 1076 2506 .

1377 1259 1426 1290 O

323 2528 350 2571 3
379 2526 530 2571 Round
550 2525 651 2569 each
673 2524 903 2569 habitation
925 2523 1113 2568 hov'ring
1118 2523 1127 2566 ,

431 2579 508 2624 See
528 2579 598 2624 the
621 2579 746 2624 cloud
763 2579 844 2624 and
867 2579 937 2624 fire
957 2579 1107 2624 appear
1119 2579 1131 2624 !

378 2636 458 2683 For
480 2636 502 2682 a
516 2634 635 2682 glory
659 2634 739 2681 and
759 2634 782 2680 a
804 2632 991 2680 cov'ring
994 2633 1003 2679 ,

432 2686 624 2736 Showing
640 2686 731 2734 that
753 2685 824 2734 the
849 2684 960 2733 Lord
978 2684 1011 2732 is
1033 2683 1132 2732 near
1144 2684 1152 2732 ;

378 2743 490 2791 Thus
508 2740 697 2789 deriving
720 2738 828 2786 from
851 2736 958 2784 their
976 2734 1133 2782 banner

432 2797 557 2850 Light
576 2796 630 2847 by
655 2794 773 2847 night
797 2793 880 2845 and
899 2791 1026 2843 shade
1046 2790 1102 2841 by
1129 2788 1213 2840 day
1222 2789 1237 2839 ;

377 2849 476 2900 Safe
494 2848 593 2898 they
614 2846 712 2897 feed
733 2843 843 2895 upon
864 2842 933 2893 the
954 2840 1110 2892 Manna

379 2900 530 2950 Which
557 2900 610 2950 he
627 2900 743 2950 gives
766 2900 877 2950 them
899 2900 1015 2950 when
1032 2900 1132 2950 they
1149 2900 1253 2950 pray
1255 2900 1265 2950 .

1815 413 2015 558 7

1473 627 1605 659 Zion
1607 634 1618 660 ,
1669 625 1822 660 city
1850 628 1888 661 of
1919 629 1983 662 our
2026 631 2099 657 God
2106 631 2118 657 !

1663 724 1714 758 9
1710 725 1733 758 .

1925 315 2100 345 SPANISH
2105 317 2114 345 .

2110 909 2198 936 FINE
2200 912 2210 936 .

2005 1641 2130 1718 pi

983 1721 1021 1755 of
1041 1721 1176 1755 Ages
1214 1721 1317 1755 found
1324 1721 1333 1755 -
1337 1721 1377 1755 ed
1383 1721 1389 1755 ,
1427 1721 1523 1755 What
1537 1721 1597 1755 can
1634 1721 1737 1755 shake
1767 1721 1824 1755 thy
1836 1721 1913 1755 sure
1931 1721 1995 1755 re-
2015 1721 2025 1755 |
2035 1721 2117 1755 pose
2122 1721 2137 1755 ?

2121 1022 2166 1051 2

2165 251 2245 311 51

1935 1160 2008 1191 own
2034 1160 2054 1191 a
2077 1160 2088 1191 -
2100 1160 2187 1191 bode
2188 1160 2196 1191 .

1944 1195 1988 1226 all
2004 1195 2062 1226 thy
2088 1196 2163 1228 foes
2163 1196 2173 1227 .

2069 1259 2248 1402 H

2124 1473 2164 1499 D.
2182 1473 2215 1498 S.

2148 1754 2204 1815 S

1311 2054 1336 2091 4
1366 2054 1483 2092 Blest
1502 2054 1754 2093 inhabitants
1777 2056 1821 2093 of
1850 2056 1949 2094 Zion
1954 2057 1966 2094 ,

1427 2108 1596 2145 Wash'd
1614 2108 1657 2145 in
1676 2108 1747 2145 the
1768 2108 2025 2145 Redeemer's
2044 2108 2168 2145 blood
2181 2108 2194 2145 !

1363 2163 1486 2210 Jesus
1492 2163 1501 2210 ,
1526 2163 1656 2210 whom
1676 2163 1784 2210 their
1803 2163 1914 2210 souls
1935 2163 2022 2210 rely
2041 2163 2094 2210 on
2099 2163 2110 2210 ,

1416 2214 1562 2263 Makes
1572 2214 1680 2262 them
1692 2215 1811 2263 kings
1825 2215 1904 2263 and
1914 2215 2060 2265 priests
2072 2216 2115 2264 to
2126 2216 2220 2264 God
2232 2217 2247 2265 ;

1364 2273 1381 2317 '
1382 2273 1453 2317 Tis
1475 2273 1534 2317 his
1555 2273 1649 2317 love
1666 2273 1728 2317 his
1749 2273 1895 2317 people
1912 2273 2039 2317 raises

1417 2320 1531 2366 Over
1546 2321 1629 2367 self
1639 2322 1684 2367 to
1705 2323 1820 2368 reign
1843 2324 1885 2368 as
1905 2324 2026 2370 kings
2033 2326 2041 2370 ,

1364 2380 1460 2428 And
1480 2381 1523 2427 as
1543 2379 1691 2427 priests
1700 2379 1707 2425 ,
1731 2379 1793 2425 his
1815 2377 1972 2425 solemn
1992 2376 2146 2424 praises

1417 2429 1530 2474 Each
1548 2429 1615 2474 for
1636 2429 1659 2474 a
1672 2429 1803 2476 thank
1808 2430 1821 2475 -
1825 2430 1887 2475 off
1886 2430 1897 2475 '
1904 2430 1994 2476 ring
2015 2431 2155 2477 brings
2158 2431 2168 2476 .

1309 2522 1334 2567 5
1363 2520 1536 2567 Saviour
1540 2520 1548 2565 ,
1572 2520 1610 2565 if
1635 2519 1683 2564 of
1709 2517 1849 2564 Zion's
1868 2516 1953 2563 city

1415 2576 1440 2620 I
1442 2575 1452 2619 ,
1474 2574 1652 2620 through
1672 2573 1795 2619 grace
1801 2574 1808 2618 ,
1831 2573 1853 2617 a
1871 2572 2053 2618 member
2073 2572 2135 2616 am
2151 2572 2161 2616 ;

1363 2624 1443 2670 Let
1457 2624 1528 2670 the
1537 2624 1665 2672 world
1681 2625 1821 2673 deride
1843 2626 1888 2672 or
1907 2626 1997 2673 pity
1999 2627 2012 2673 ,

1416 2679 1439 2723 I
1459 2678 1540 2724 will
1557 2679 1674 2725 glory
1687 2681 1730 2725 in
1751 2681 1825 2727 thy
1845 2682 1964 2728 name
1975 2683 1986 2727 :

1362 2731 1525 2780 Fading
1541 2731 1577 2780 is
1597 2731 1667 2780 the
1687 2731 1919 2780 wordling's
1942 2731 2130 2780 pleasure
2133 2731 2142 2780 ,

1418 2784 1488 2832 All
1505 2784 1567 2832 his
1587 2784 1762 2834 boasted
1782 2785 1905 2835 pomp
1928 2786 2009 2834 and
2027 2786 2137 2836 show
2147 2787 2161 2835 ;

1365 2840 1478 2889 Solid
1493 2840 1584 2889 joys
1609 2840 1690 2890 and
1707 2841 1861 2891 lasting
1882 2841 2066 2892 treasure
2071 2842 2081 2891 ,

1417 2895 1537 2931 None
1556 2895 1634 2930 but
1652 2893 1784 2930 Zion's
1810 2893 1988 2929 children
2009 2893 2127 2928 know
2133 2893 2143 2928 .
