2298 2839
397 304 529 329 THOMAS
545 304 654 329 KELLY
655 304 664 329 .

395 364 434 402 4

393 409 433 446 4

418 483 445 519 I.
474 483 511 518 In
556 483 626 518 Thy
660 482 755 518 name
758 482 765 517 ,
777 482 808 517 O

391 585 437 623 4

362 629 430 664 -94

342 1213 361 1249 2
383 1213 491 1249 While
504 1213 565 1249 our
575 1213 653 1249 days
670 1213 710 1249 on
727 1213 814 1249 earth
830 1213 884 1249 are
897 1213 1088 1249 lengthened
1092 1213 1101 1249 ,

419 1252 491 1290 May
505 1252 552 1289 we
565 1251 636 1288 give
653 1250 739 1288 them
745 1250 748 1286 ,
770 1248 853 1286 Lord
857 1249 862 1285 ,
881 1249 914 1285 to
931 1247 1018 1285 Thee
1030 1247 1040 1283 ;

383 1289 527 1326 Cheered
540 1289 581 1326 by
595 1289 679 1326 hope
683 1289 688 1326 ,
706 1289 769 1326 and
784 1289 867 1326 daily
882 1289 1107 1326 strengthened
1111 1289 1119 1326 ,

416 1325 480 1359 We
493 1325 599 1360 would
613 1327 673 1361 run
678 1327 684 1360 ,
700 1328 760 1362 nor
775 1328 875 1363 weary
889 1330 929 1363 be
929 1330 939 1363 ,

296 1580 488 1705 20

403 1804 433 1821 I.

497 1366 560 1401 Till
577 1367 648 1402 Thy
661 1369 752 1403 glory
753 1370 761 1403 ,

417 1404 568 1439 Without
580 1404 688 1439 clouds
693 1404 698 1439 ,
717 1404 747 1439 in
765 1404 887 1439 heaven
903 1404 952 1439 we
964 1404 1016 1439 see
1018 1404 1025 1439 .

399 1881 420 1899 2
425 1881 436 1899 .

837 249 930 297 37.
929 251 966 297 -
978 252 1211 302 SICILY
1217 257 1227 302 .
1276 258 1316 304 8s
1317 259 1326 304 ,
1344 259 1383 306 7s
1400 260 1431 306 &
1446 261 1489 308 4s
1489 262 1500 307 .

897 380 947 422 b

882 481 969 510 Lord
972 481 980 510 ,
1000 481 1038 510 as
1095 478 1254 513 sembling
1254 478 1264 513 ,
1316 478 1379 513 We
1384 478 1390 513 ,
1410 478 1481 513 Thy
1507 478 1659 513 people
1661 478 1668 513 ,

456 897 563 930 Teach
578 900 614 932 us

679 900 718 924 to
767 905 803 922 re
833 893 849 929 -
876 893 959 929 joice
995 893 1073 929 with
1086 893 1256 929 trembling
1268 893 1275 929 ;
1298 893 1403 929 Speak
1405 893 1411 929 ,
1423 893 1486 929 and
1508 893 1552 929 let
1608 893 1681 930 Thy
1720 891 1862 928 servants
1883 889 1961 926 hear
1970 889 1979 924 ;

459 929 548 970 Hear
565 929 642 970 with
656 929 820 970 meekness
824 929 830 970 ,
881 929 968 970 Hear
1001 929 1076 970 with
1091 929 1251 970 meeknsss
1256 929 1263 970 ,
1314 929 1403 970 Hear
1416 929 1485 970 Thy
1498 929 1584 970 word
1607 929 1682 970 with
1707 929 1770 970 god
1782 929 1794 970 -
1814 929 1845 970 ly
1888 929 1957 970 fear
1957 929 1965 970 .

1981 1044 2065 1138 III

457 1944 508 1995 3

395 1998 420 2042 *
436 1996 466 2040 #
463 1995 504 2039 4

564 1904 574 1907 -

571 2352 581 2356 M

566 1594 682 1712 1

511 1773 541 1808 O
552 1772 644 1807 Thou
656 1772 728 1807 God
739 1771 775 1806 of
784 1771 836 1806 my
858 1771 904 1806 sal
913 1771 925 1806 -
932 1770 970 1805 va
972 1770 982 1805 -
985 1770 1049 1805 tion
1056 1770 1061 1805 ,
1081 1770 1133 1805 My
1150 1768 1325 1805 Redeemer
1332 1768 1411 1804 from
1424 1768 1470 1803 all
1494 1768 1544 1803 sin
1546 1767 1554 1802 ,

478 1808 582 1845 Mov'd
595 1808 634 1845 by
646 1808 717 1845 Thy
727 1808 833 1845 divine
846 1808 1043 1845 compassion
1047 1808 1053 1845 ,
1061 1808 1147 1845 Who
1156 1808 1212 1845 has
1221 1808 1293 1845 died
1303 1808 1356 1845 my
1365 1808 1455 1845 heart
1465 1808 1496 1845 to
1508 1808 1567 1845 win
1574 1808 1580 1845 ,

491 1834 564 1883 Tho
562 1835 575 1882 '
583 1835 703 1885 unseen
707 1837 715 1884 ,
737 1838 753 1885 I
765 1838 837 1887 love
847 1839 902 1888 the
912 1840 1047 1890 Saviour
1057 1842 1066 1889 :
1078 1842 1129 1891 He
1138 1843 1215 1892 hath
1224 1844 1305 1893 bro't
1317 1845 1472 1895 salvation
1484 1847 1563 1896 near
1571 1849 1580 1896 ;

478 1886 553 1922 Man
589 1886 599 1922 i
602 1886 613 1922 -
615 1886 691 1922 fests
708 1886 755 1922 his
768 1886 934 1922 pard'ning
947 1886 979 1922 fa
980 1886 992 1922 -
994 1886 1049 1922 vor
1052 1886 1058 1922 ,
1072 1886 1144 1922 And
1156 1886 1246 1922 when
1257 1886 1347 1922 Jesus
1360 1886 1436 1922 doth
1450 1886 1570 1922 appear
1571 1886 1578 1922 ,

852 1950 965 2040 ele

1222 1212 1242 1247 3
1263 1212 1368 1248 There
1371 1212 1378 1247 ,
1393 1212 1425 1247 in
1442 1212 1577 1249 worship
1593 1213 1688 1249 purer
1690 1214 1696 1249 ,
1714 1213 1845 1250 sweeter
1846 1215 1854 1250 ,

1299 1252 1354 1284 All
1369 1252 1440 1284 Thy
1453 1252 1566 1284 people
1581 1252 1663 1284 shall
1678 1252 1776 1284 adore
1777 1252 1785 1284 ,

1261 1285 1398 1322 Tasting
1411 1287 1448 1322 of
1459 1287 1643 1325 enjoyment
1660 1289 1785 1326 greater

748 1500 847 1546 38.
843 1501 880 1545 -
891 1501 1327 1550 TAMWORTH
1341 1506 1349 1550 .
1398 1507 1437 1551 8s
1440 1507 1451 1551 ,
1466 1507 1504 1552 7s
1521 1508 1554 1552 &
1563 1508 1605 1553 4s
1606 1509 1616 1553 .

1152 2586 1209 2618 32

1302 1326 1394 1360 Than
1408 1326 1485 1360 they
1499 1326 1590 1360 could
1606 1326 1753 1360 conceive
1769 1326 1879 1360 before
1879 1326 1889 1360 ,-

1378 1364 1449 1399 Full
1462 1365 1646 1401 enjoyment
1650 1368 1657 1401 ,-

1301 1402 1373 1436 Full
1376 1402 1383 1436 ,
1400 1402 1551 1436 unmixed
1556 1402 1562 1436 ,
1579 1402 1641 1436 and
1658 1402 1821 1436 evermore
1821 1402 1830 1436 .

455 2296 561 2335 paaise
574 2296 659 2334 Thee
672 2296 681 2333 ;
692 2295 809 2334 Where
820 2295 882 2332 will
904 2295 917 2332 I
932 2295 1002 2332 Thy
1010 2293 1112 2331 praise
1124 2292 1250 2331 begin
1253 2293 1262 2330 .

480 2337 542 2362 bod

607 2347 630 2371 y
687 2334 777 2370 Shall
793 2334 851 2370 His
877 2334 1016 2370 glorious
1027 2334 1068 2370 im
1084 2334 1096 2370 -
1110 2334 1171 2370 age
1190 2334 1267 2370 bear
1266 2334 1274 2370 .

592 2413 712 2493 LI

1247 2406 1335 2495 I

1860 276 1978 300 Italian
1982 276 1991 300 .

1725 474 1795 508 now
1819 477 1906 510 draw
1923 480 2002 513 near
2009 483 2020 514 ;

1258 2153 1355 2240 Il

1812 1520 1981 1550 LOCKHART
1983 1524 1990 1550 .

2043 765 2058 848 LULU

1625 1790 1639 1824 I
1651 1790 1713 1824 will
1725 1790 1826 1824 praise
1841 1791 1929 1825 Thee
1932 1791 1939 1825 ,
1951 1791 1966 1825 I
1976 1791 2040 1825 will

1620 1849 1700 1898 Soul
1708 1851 1772 1899 and
1781 1852 1843 1900 bod
1846 1853 1859 1900 -
1859 1853 1879 1900 y
1880 1853 1890 1900 ,
1901 1853 1979 1902 Soul
1984 1854 2048 1903 and

1600 1953 1680 2033 L

1689 2138 1712 2164 3
1708 2138 1719 2163 .

1398 2200 1506 2236 While
1519 2200 1574 2235 the
1587 2200 1680 2236 angel
1696 2201 1799 2237 choirs
1814 2202 1867 2237 are
1881 2202 1987 2238 crying
1991 2202 2000 2237 ,

1438 2248 1537 2286 Glory
1548 2248 1582 2284 to
1595 2246 1650 2284 the
1663 2246 1752 2284 great
1769 2246 1783 2282 I
1800 2244 1861 2282 AM
1875 2245 1885 2281 !

1400 2294 1415 2329 I
1430 2294 1505 2329 with
1519 2294 1606 2331 them
1622 2295 1684 2330 will
1699 2295 1763 2331 still
1777 2296 1814 2331 be
1831 2296 1925 2333 vying
1928 2297 1936 2332 ,

1438 2342 1537 2380 Glory
1547 2342 1557 2378 !
1574 2341 1666 2379 glory
1677 2341 1710 2377 to
1726 2339 1780 2377 the
1797 2339 1898 2376 Lamb
1912 2339 1921 2375 !

1516 2390 1546 2423 O
1559 2390 1630 2423 how
1645 2390 1790 2425 precious

1439 2435 1471 2467 Is
1484 2435 1538 2467 the
1552 2435 1656 2467 sound
1671 2435 1705 2467 of
1718 2436 1807 2468 Jesus
1812 2436 1818 2468 '
1833 2436 1928 2468 name
1939 2436 1949 2468 !
