1443 2042
290 239 349 275 82

548 248 713 280 SACRED
736 250 953 282 MELODIES
958 252 966 281 .

296 323 381 355 Fear
395 323 457 355 not
460 323 465 355 ,
481 324 496 356 I
511 324 565 356 am
583 324 667 357 with
683 325 763 357 thee
766 325 772 357 ,
789 325 811 357 O
826 326 867 358 be
879 326 940 358 not
958 326 1140 360 dismayed
1142 327 1150 359 ,

294 355 361 389 For
375 355 389 389 I
404 355 459 389 am
476 355 540 389 thy
556 355 627 390 God
633 356 639 390 ,
653 356 723 390 and
738 356 809 390 will
824 356 896 391 still
910 357 989 391 give
1002 357 1083 391 thee
1095 357 1151 392 aid
1156 358 1163 392 ;

294 393 351 425 I'll
365 393 567 425 strengthen
583 393 663 425 thee
666 393 672 425 ,
687 393 767 425 help
782 393 861 425 thee
866 393 872 425 ,
892 393 962 425 and
977 393 1078 425 cause
1090 393 1172 425 thee
1183 393 1221 425 to

359 425 460 454 stand
466 427 474 454 ,

292 459 433 491 Upheld
444 459 488 491 by
504 459 563 491 my
577 459 755 491 righteous
761 459 766 491 ,
782 459 1004 491 omnipotent
1018 459 1111 491 hand
1118 459 1127 491 .

293 525 405 556 When
421 525 571 557 through
587 526 645 557 the
660 526 744 557 deep
760 526 882 558 waters
906 527 919 558 I
936 527 1001 558 call
1014 527 1095 559 thee
1112 528 1148 559 to
1165 528 1209 559 go
1212 528 1221 559 ,

292 558 364 585 The
376 558 485 586 rivers
500 559 537 586 of
547 559 598 586 wo
612 559 703 587 shall
719 560 781 587 not
794 560 872 587 thee
888 560 1048 589 overflow
1052 561 1060 588 ;

292 591 360 622 For
374 591 388 622 I
404 591 475 622 will
489 591 529 622 be
546 592 628 623 with
646 592 724 623 thee
729 592 734 623 ,
749 592 811 623 thy
830 592 982 625 troubles
996 593 1032 624 to
1050 594 1142 625 bless
1144 594 1151 625 ,

292 624 372 658 And
386 624 535 659 sanctify
552 624 585 659 to
602 625 679 659 thee
693 625 756 659 thy
777 625 914 661 deepest
934 626 1076 661 distress
1078 627 1086 661 .

293 692 404 724 When
421 692 570 725 through
587 693 671 725 fiery
686 693 784 725 trials
799 693 862 725 thy
876 693 1041 727 pathway
1056 694 1150 727 shall
1161 695 1209 727 lie
1211 695 1219 727 ,

292 725 351 760 My
365 725 466 760 grace
468 725 474 760 ,
489 725 536 760 all
538 725 548 760 -
551 725 726 760 sufficient
729 725 734 760 ,
750 725 841 760 shall
855 725 896 760 be
909 725 972 760 thy
989 725 1115 760 supply
1119 725 1127 760 ;

289 755 362 786 The
375 755 496 787 flames
512 756 602 788 shall
617 757 677 788 not
693 757 775 789 hurt
790 758 869 789 thee
873 758 878 789 ,
895 758 908 789 I
928 758 1010 791 only
1027 759 1142 792 design
1150 760 1158 791 ,

291 794 364 825 Thy
380 794 475 825 dross
487 794 523 825 to
538 794 705 825 consume
707 794 714 825 ,
728 794 797 825 and
812 794 874 825 thy
888 794 967 825 gold
981 794 1017 825 to
1030 794 1138 825 refine
1141 794 1151 825 .

291 860 387 884 Even
404 860 505 884 down
522 860 554 884 to
570 860 603 884 ol
642 862 704 893 age
706 862 713 893 ,
727 862 774 893 all
789 862 848 893 my
864 862 985 893 people
999 862 1089 893 shall
1100 862 1207 893 prove
1210 862 1218 893 ,

291 895 349 928 My
367 895 548 928 sovereign
555 895 561 928 ,
577 895 711 928 eternal
716 895 721 928 ,
738 895 1000 928 unchangeable
1012 895 1091 928 love
1091 895 1103 928 ;

289 925 371 958 And
389 925 488 958 when
503 926 612 960 hoary
628 926 721 960 hairs
733 927 823 960 shall
834 927 926 961 their
937 927 1084 962 temples
1097 928 1204 963 adorn
1209 929 1216 962 ,

289 959 377 993 Like
391 959 504 993 lambs
516 959 607 993 shall
617 959 698 993 they
712 959 782 993 still
795 959 831 993 in
843 959 901 993 my
915 959 1032 993 bosom
1050 959 1089 993 be
1099 959 1207 993 borne
1208 959 1216 993 .

287 1021 359 1054 The
372 1022 449 1055 soul
462 1023 540 1056 that
555 1024 597 1055 on
614 1024 712 1057 Jesus
727 1025 810 1058 doth
827 1026 905 1059 lean
919 1027 969 1059 for
984 1028 1105 1060 repose
1106 1029 1113 1060 ,

288 1061 303 1091 I
319 1061 390 1091 will
405 1061 466 1091 not
469 1061 475 1091 ,
492 1061 506 1091 I
523 1061 593 1091 will
609 1061 670 1091 not
684 1061 797 1091 desert
811 1061 845 1091 to
861 1061 913 1091 his
934 1061 1005 1091 foes
1005 1061 1014 1091 ;

286 1095 377 1127 That
390 1095 467 1127 soul
470 1095 475 1127 ,
491 1095 553 1127 tho
554 1095 564 1127 '
578 1095 624 1127 all
640 1095 709 1127 hell
722 1095 848 1127 should
862 1095 1036 1127 endeavor
1046 1095 1083 1127 to
1092 1095 1203 1127 shake
1205 1095 1213 1127 ,

288 1129 343 1159 I'll
357 1128 464 1159 never
467 1129 473 1158 ,
488 1128 535 1157 no
546 1127 650 1157 never
654 1127 659 1156 ,
676 1127 722 1156 no
735 1126 841 1157 never
855 1125 992 1156 forsake
995 1126 1003 1155 .

288 1226 339 1265 71
342 1226 354 1265 .

587 1228 614 1272 8
616 1228 630 1272 ,
645 1228 671 1272 7
673 1228 687 1272 ,
705 1228 732 1272 8
736 1228 748 1272 ,
765 1228 792 1272 7
797 1228 808 1272 ,
824 1228 852 1272 4
856 1228 868 1272 ,
887 1228 913 1272 7
913 1228 927 1272 .

291 1292 430 1342 Guide
451 1292 517 1342 me
524 1292 532 1342 ,
557 1292 591 1342 O
611 1292 715 1342 thou
738 1292 858 1342 great
884 1292 1074 1342 Jehovah
1080 1292 1090 1342 ,

343 1345 519 1392 Pilgrim
542 1345 725 1392 through
750 1345 832 1392 this
856 1345 1008 1392 barren
1028 1345 1131 1392 land
1135 1345 1145 1392 ;

285 1399 310 1447 I
328 1399 395 1447 am
418 1399 534 1449 weak
539 1400 548 1448 ,
572 1400 649 1448 but
670 1400 773 1450 thou
796 1401 861 1449 art
884 1401 1045 1451 mighty
1050 1402 1060 1450 ,

342 1451 457 1503 Hold
478 1451 543 1502 me
565 1452 667 1504 with
687 1452 763 1504 thy
786 1452 992 1505 powerful
1012 1454 1124 1507 hand
1129 1455 1140 1506 ;

448 1503 588 1548 Bread
604 1507 650 1549 of
673 1509 838 1555 heaven
841 1513 851 1554 ,

340 1558 455 1600 Feed
476 1560 538 1601 me
562 1561 631 1603 till
652 1562 670 1602 I
695 1562 805 1604 want
822 1564 874 1606 no
898 1565 1012 1606 more
1017 1567 1025 1607 .

289 1650 409 1701 Open
416 1650 424 1701 ,
451 1650 561 1701 Lord
568 1650 575 1701 ,
599 1650 671 1701 the
695 1650 849 1701 crystal
881 1650 1075 1701 fountain
1080 1650 1091 1701 ,

340 1700 530 1749 Whence
552 1702 624 1751 the
645 1702 817 1751 healing
842 1704 991 1753 waters
1013 1706 1103 1754 flow
1107 1706 1118 1753 ;

282 1751 364 1802 Let
382 1752 457 1803 the
476 1753 584 1804 fiery
586 1755 597 1804 ,
619 1755 772 1807 cloudy
801 1757 928 1808 pillar
932 1759 943 1808 ,
