2221 3205
398 229 549 305 THE
609 229 784 305 NEW
845 229 1058 305 HYMN
1116 229 1274 305 AND
1334 229 1543 305 TUNE
1599 229 1799 305 BOOK
1800 229 1817 305 .

824 722 874 767 A
916 722 1385 767 COLLECTION

1079 951 1131 977 OF

268 1145 841 1253 HYMNS
959 1145 1287 1253 AND
1419 1145 1948 1253 TUNES

1058 1428 1143 1452 FOR

498 1625 752 1676 PUBLIC
758 1625 770 1676 ,
809 1625 1068 1676 SOCIAL
1076 1625 1086 1676 ,
1130 1625 1284 1676 AND
1333 1625 1703 1676 DOMESTIC

715 1840 1455 1938 WORSHIP
1462 1840 1494 1938 .

533 2287 617 2327 Sing
630 2286 757 2326 praises
770 2286 807 2325 to
824 2286 897 2325 God
900 2285 905 2324 ,
925 2285 1000 2324 sing
1016 2283 1140 2324 praises
1146 2284 1156 2323 .
1157 2284 1188 2323 -
1198 2282 1318 2323 PSALM
1331 2281 1421 2322 xlvii
1424 2282 1432 2321 .
1446 2282 1466 2321 6
1468 2282 1477 2321 .

533 2338 645 2375 There
657 2338 715 2375 are
728 2338 774 2375 no
789 2338 892 2375 songs
907 2338 1125 2375 comparable
1139 2338 1174 2375 to
1189 2338 1250 2375 the
1264 2338 1365 2375 songs
1381 2338 1421 2375 of
1437 2338 1519 2375 Zion
1527 2338 1537 2375 .
1538 2338 1568 2375 -
1578 2338 1720 2375 MILTON
1723 2338 1735 2375 .

845 2723 1142 2763 NASHVILLE
1140 2723 1152 2763 ,
1176 2723 1314 2763 TENN
1307 2723 1342 2763 .:

432 2791 749 2832 SOUTHERN
779 2791 1117 2832 METHODIST
1147 2791 1509 2832 PUBLISHING
1542 2791 1734 2832 HOUSE
1737 2791 1748 2832 .

1033 2871 1136 2908 1880
1140 2871 1147 2907 .
