2255 2721
286 254 368 298 No.
392 255 450 297 41
455 254 467 296 .

445 377 485 414 3

444 421 484 458 4

443 535 476 564 1.
506 535 529 564 I

589 533 643 574 am
662 532 850 573 waiting
851 532 858 572 ,
889 532 911 572 I

442 579 477 610 2.
505 576 528 607 I
588 578 641 618 am
662 577 850 618 waiting
852 577 860 616 ,
890 577 912 616 I

443 623 477 654 3.
505 621 528 652 I
591 623 645 662 am
666 623 850 662 waiting
853 623 860 662 ,
890 623 912 662 I

372 781 404 824 6
396 782 428 825 -
416 782 481 828 b4

487 1131 511 1162 I

487 1175 511 1205 I

489 1219 511 1247 I

360 1511 551 1535 CHORUS
556 1512 566 1534 .

376 2370 458 2408 -2-2₂²

930 252 953 300 I
985 252 1068 300 AM
1105 252 1369 300 WAITING
1376 252 1386 300 .

1818 471 1947 512 gy

973 527 1029 570 am
1048 527 1231 572 waiting
1234 529 1241 572 ,
1261 528 1390 573 Where
1406 530 1463 573 the
1485 531 1536 574 bil
1554 531 1567 574 -
1585 531 1669 576 lows
1694 532 1781 577 loud
1795 533 1807 576 -
1819 533 1854 577 ly
1899 534 1981 578 roar
1990 535 2000 578 ;

971 579 1030 618 am
1048 579 1234 618 waiting
1235 579 1242 618 ,
1261 579 1336 618 Till
1382 579 1440 618 the
1462 579 1564 618 night
1590 579 1653 618 has
1674 579 1799 618 passed
1825 579 1846 618 a
1865 579 1882 618 -
1901 590 1976 618 way
1987 593 1999 618 ;

974 622 1028 665 am
1050 622 1134 665 wait
1146 622 1159 665 -
1172 622 1233 665 ing
1236 622 1244 665 ,
1264 622 1394 665 Where
1410 622 1499 665 life's
1519 622 1677 665 shadows
1697 622 1797 665 thick
1802 622 1814 665 -
1817 622 1851 665 ly
1908 622 1971 665 fall
1982 622 1993 665 ;

1431 303 1537 338 Words
1550 304 1611 337 and
1627 305 1726 339 Music
1742 305 1779 338 by
1795 306 1821 339 J.
1837 306 1869 339 L.
1885 306 1954 339 ORR
1955 306 1962 339 .

569 1129 622 1169 am
648 1129 734 1168 long
737 1129 750 1168 -
751 1128 813 1167 ing
816 1128 825 1167 ,
885 1132 909 1160 I
952 1133 1006 1175 am

569 1174 624 1213 am
648 1174 828 1215 watching
831 1176 839 1214 ,
882 1177 906 1215 I
950 1173 1007 1219 am

569 1219 627 1261 am
662 1215 824 1259 list'ning
822 1216 834 1256 ,
882 1215 906 1255 I
951 1229 1007 1249 am
1070 1216 1233 1259 list'ning
1286 1216 1357 1259 For
1403 1216 1460 1259 my
1495 1216 1560 1259 Sav
1571 1216 1583 1259 -
1597 1216 1678 1259 ior's
1713 1216 1800 1259 gen-
1814 1216 1863 1259 tle
1904 1216 1976 1259 call
1978 1216 1987 1259 .

1055 1128 1140 1172 long
1153 1128 1166 1169 -
1174 1125 1238 1169 ing
1284 1124 1337 1166 To

1046 1173 1160 1219 watch
1163 1173 1178 1219 -
1176 1173 1241 1219 ing
1286 1173 1354 1219 For
1401 1173 1460 1219 the
1480 1173 1585 1219 break
1590 1173 1603 1219 -
1604 1173 1666 1219 ing

1405 1128 1450 1159 be
1486 1131 1549 1162 tak
1568 1134 1584 1163 -
1605 1134 1653 1165 en
1699 1134 1857 1169 safely
1903 1134 1974 1169 o'er
1972 1134 1984 1169 .

1719 1173 1756 1219 of
1801 1173 1861 1219 the
1899 1173 1969 1219 day
1972 1173 1982 1219 .

597 1567 686 1660 *

449 1694 649 1731 Waiting
679 1694 736 1731 for
793 1695 852 1737 my
883 1694 1033 1736 angel
1052 1693 1136 1734 boat
1140 1693 1151 1733 -
1154 1692 1235 1734 man
1240 1692 1246 1732 ,
1270 1691 1362 1732 Who
1393 1689 1471 1731 will
1488 1689 1557 1730 row
1623 1693 1679 1732 me
1710 1693 1782 1732 o'er
1800 1693 1861 1732 the
1894 1694 1967 1733 tide
1970 1694 1980 1733 ,

1913 1751 1960 1786 €

1078 2082 1106 2120 g

994 2347 1006 2359 $
1001 2347 1013 2359 9

1508 765 1523 780 $

478 2196 532 2235 To
575 2196 639 2236 the
655 2197 788 2238 friends
805 2200 885 2239 who
904 2201 987 2241 wait
1006 2203 1043 2241 to
1059 2203 1155 2243 greet
1174 2204 1231 2244 me
1285 2204 1340 2235 On
1403 2207 1464 2234 the
1496 2207 1552 2234 far
1616 2204 1669 2235 off
1696 2204 1835 2235 other
1877 2204 1952 2235 side
1956 2204 1965 2235 .

1952 2318 2024 2406 D

847 2436 940 2471 From
955 2438 1010 2472 the
1025 2439 1042 2472 "
1056 2439 1157 2474 Silver
1173 2441 1303 2477 Cymbal
1307 2443 1312 2476 ,
1320 2443 1333 2476 "
1351 2444 1392 2478 by
1403 2444 1460 2479 per
1461 2445 1469 2478 .

1125 2498 1139 2529 (
1138 2497 1186 2528 45
1186 2497 1198 2528 )

1578 2225 1592 2230 -
