2691 2309
358 359 468 387 GRACE
483 360 597 388 GLENN
600 361 607 387 .

242 1884 296 1941 9
286 1884 317 1941 :

336 435 376 469 4

238 814 295 875 9
288 810 324 868 :
326 803 380 863 4

309 863 370 897 94

335 576 367 617 1.
390 576 434 617 Je
447 576 461 617 -
471 576 529 617 sus
534 576 542 617 ,
566 576 635 617 Sav
638 576 652 617 -
654 576 706 617 ior
710 576 716 617 ,
739 576 823 617 thou
844 576 897 617 art
915 576 998 617 near
1014 576 1026 617 -
1043 576 1079 617 er

333 632 366 674 2.
389 632 439 674 Of
466 632 532 674 our
548 632 710 674 gladness
736 632 804 674 and
829 632 893 674 our
910 632 1087 674 sorrow

334 688 365 728 3.
389 688 470 728 Clos
473 688 484 728 -
485 688 521 728 er
524 688 531 728 ,
556 688 626 728 clos
640 688 650 728 -
660 688 696 728 er
721 688 805 728 than
833 688 852 728 a
876 688 1066 728 brother
1073 688 1079 728 ,
1121 688 1232 728 What
1232 688 1243 728 -
1246 688 1315 728 so-
1327 688 1400 728 e'er
1419 688 1458 728 to
1503 701 1545 720 us

357 1176 451 1206 clear

354 1230 420 1260 bor

355 1287 420 1317 oth

367 1457 424 1517 f

457 1250 468 1254 8

930 308 1136 354 CLOSER
1166 308 1324 354 THAN
1357 308 1393 354 A
1424 308 1684 354 BROTHER
1689 308 1699 354 .

463 1306 477 1311 an

1125 576 1227 617 Than
1253 576 1294 617 an
1312 576 1408 617 earth
1414 576 1427 617 -
1429 576 1465 617 ly
1487 576 1601 617 friend
1617 576 1680 617 can
1691 576 1732 617 be
1734 576 1743 617 ,
1835 578 1904 615 For
1925 578 2009 615 with
2023 578 2197 617 heavenly
2219 579 2272 616 vis
2276 580 2288 617 -
2288 580 2348 617 ion

1121 632 1222 674 Thou
1243 632 1303 674 the
1321 632 1441 674 fullest
1454 632 1576 674 depths
1594 632 1690 674 canst
1705 632 1807 674 know
1812 632 1818 674 ,
1832 632 1957 674 Feeble
1975 632 2084 674 words
2107 632 2154 674 we
2176 632 2263 674 need
2279 632 2342 674 not

1605 689 1648 726 be
1647 689 1662 725 -
1661 689 1737 728 tide
1738 691 1746 727 ,
1833 692 1918 729 May
1939 692 1986 729 we
2005 692 2089 729 wish
2107 692 2145 729 to
2175 692 2257 729 seek
2289 692 2336 729 no

523 1176 562 1212 er
565 1176 573 1212 ,
619 1176 720 1212 Thou
740 1176 803 1213 our
820 1177 856 1213 in
931 1177 1023 1214 most
1068 1178 1188 1215 hearts
1216 1179 1283 1215 can
1311 1179 1366 1215 see
1368 1179 1377 1215 .

503 1233 574 1276 row
579 1234 587 1274 ,
621 1230 701 1273 Tell
702 1230 714 1270 -
716 1228 779 1270 ing
800 1226 883 1268 thee
940 1242 1006 1264 our
1082 1235 1148 1273 joy
1216 1244 1257 1264 or
1304 1245 1375 1266 woe
1379 1245 1386 1265 .

522 1291 561 1324 er
563 1291 571 1323 ,
620 1289 714 1323 Well
731 1288 796 1322 con
799 1289 812 1321 -
813 1288 887 1321 tent
933 1286 1020 1320 with

1081 1289 1164 1319 thee

1219 1289 1252 1319 to
1294 1289 1305 1318 '
1305 1289 1386 1318 bide
1390 1288 1398 1317 .

1686 777 1736 803 B

1537 971 1750 993 REFRAIN
1757 971 1767 993 .

1499 1235 1593 1271 Save
1594 1235 1604 1271 ,
1649 1235 1694 1271 oh
1699 1235 1708 1271 ,

2308 310 2395 353 149

2165 363 2193 386 J.
2208 363 2247 386 H.
2262 363 2281 386 F
2287 363 2320 386 ..

1767 1234 1848 1275 save
1872 1234 1914 1273 us
1945 1232 2031 1273 from
2059 1231 2109 1271 all
2143 1230 2188 1270 ill
2190 1231 2199 1270 ,

2044 1335 2114 1384 be

2055 1932 2076 1947 Q

374 1682 411 1720 g

1531 1641 1651 1741 a
1634 1641 1676 1741 :

2319 1637 2389 1724 El

336 1777 437 1822 With
455 1779 520 1823 thy
534 1779 617 1824 love
633 1780 698 1825 our
722 1781 795 1826 spir
798 1782 810 1825 -
813 1782 857 1826 its
904 1783 954 1828 fill
968 1784 975 1827 ;
1047 1783 1167 1821 Closer
1190 1783 1278 1821 than
1288 1783 1416 1821 earth's
1433 1783 1555 1821 closest
1570 1783 1683 1821 friend
1689 1783 1695 1821 ,
1726 1783 1774 1821 Be
1793 1783 1878 1821 thou
1898 1783 1982 1821 with
2005 1783 2044 1821 us
2066 1783 2101 1821 to
2119 1783 2182 1821 the
2215 1783 2283 1821 end
2288 1783 2297 1821 .

912 1846 955 1872 -8-

1598 1841 1638 1863 2
1630 1840 1654 1862 .

2331 1897 2353 1950 121-1

2377 1899 2396 1954 ITT
