2011 3098
421 359 515 399 314

736 364 890 396 FAITH
917 364 977 396 OF
1005 364 1103 396 OUR
1130 364 1364 396 FATHERS
1362 364 1372 396 .

1034 511 1065 546 2
1067 511 1080 546 .

540 589 638 642 Our
658 589 840 642 Fathers
846 589 854 642 ,
877 589 1064 642 chained
1090 589 1133 642 in
1158 589 1333 642 prisons
1355 589 1465 642 dark
1471 589 1483 642 ,

600 657 735 698 Were
757 657 849 698 still
869 657 913 698 in
940 657 1062 698 heart
1087 657 1170 698 and
1196 657 1449 698 conscience
1473 657 1563 698 free
1576 657 1590 698 :

539 724 653 772 How
676 724 808 772 sweet
829 724 974 772 would
1001 724 1051 772 be
1076 724 1190 772 their
1213 724 1445 772 children's
1469 724 1555 772 fate
1558 724 1568 772 ,

597 790 646 845 If
668 789 774 844 they
780 789 789 843 ,
810 788 903 843 like
925 787 1045 843 them
1051 787 1059 841 ,
1084 786 1213 842 could
1237 786 1309 840 die
1332 785 1397 840 for
1419 784 1521 839 thee
1536 784 1547 838 !

539 857 666 911 Faith
690 857 742 911 of
766 857 850 911 our
873 857 1052 911 Fathers
1069 857 1079 911 !
1112 857 1232 911 Holy
1257 857 1385 911 Faith
1400 857 1413 911 !

543 925 626 965 We
648 925 741 964 will
762 924 814 964 be
841 924 939 963 true
962 924 1005 963 to
1024 923 1125 962 thee
1146 923 1218 962 till
1238 921 1367 962 death
1376 922 1387 961 .

1032 1058 1063 1098 3
1064 1059 1076 1098 .

538 1132 669 1184 Faith
690 1135 744 1185 of
768 1136 852 1187 our
873 1138 1054 1190 Fathers
1073 1141 1084 1190 !
1113 1141 1276 1194 Mary's
1298 1144 1482 1197 prayers

596 1208 724 1262 Shall
744 1208 830 1262 win
854 1208 939 1262 our
956 1208 1147 1262 country
1171 1208 1285 1262 back
1309 1208 1353 1262 to
1375 1208 1479 1262 thee
1490 1208 1502 1262 ;

539 1275 644 1325 And
665 1274 860 1325 through
886 1274 957 1323 the
982 1273 1102 1323 truth
1127 1273 1225 1322 that
1245 1271 1390 1322 comes
1413 1272 1520 1321 from
1550 1271 1646 1321 God

597 1340 797 1393 England
820 1339 933 1391 shall
956 1338 1060 1390 then
1085 1337 1244 1388 indeed
1268 1336 1320 1386 be
1344 1334 1432 1386 free
1438 1335 1446 1385 .

538 1407 666 1458 Faith
689 1407 741 1458 of
765 1407 845 1458 our
867 1407 1048 1458 Fathers
1066 1407 1076 1458 !
1110 1407 1227 1458 Holy
1252 1407 1379 1458 Faith
1393 1407 1407 1458 !

541 1473 627 1519 We
647 1473 745 1519 will
763 1473 817 1519 be
836 1473 935 1519 true
957 1473 1003 1519 to
1024 1473 1126 1519 thee
1150 1473 1217 1519 till
1238 1473 1371 1519 death
1374 1473 1386 1519 .

1032 1609 1061 1646 4
1064 1610 1074 1646 .

538 1692 665 1733 Faith
691 1692 740 1733 of
766 1692 846 1733 our
872 1692 1054 1733 Fathers
1070 1692 1080 1733 !
1113 1692 1177 1733 we
1201 1692 1295 1733 will
1311 1692 1415 1733 love

596 1758 712 1798 Both
736 1758 879 1798 friend
906 1758 990 1798 and
1015 1758 1082 1798 foe
1106 1758 1147 1798 in
1176 1758 1235 1798 all
1256 1758 1339 1798 our
1361 1758 1485 1798 strife
1496 1758 1511 1798 :

540 1825 645 1879 And
669 1824 829 1878 preach
852 1824 953 1877 thee
975 1823 1049 1877 too
1051 1823 1059 1876 ,
1085 1823 1129 1876 as
1153 1823 1253 1876 love
1277 1821 1432 1876 knows
1455 1821 1553 1875 how

595 1890 665 1944 By
685 1888 849 1943 kindly
871 1887 1015 1941 words
1038 1886 1122 1940 and
1147 1884 1350 1938 virtuous
1369 1883 1447 1936 life
1460 1883 1474 1935 :

539 1958 666 2010 Faith
691 1958 740 2010 of
766 1958 848 2010 our
869 1958 1052 2010 Fathers
1067 1958 1076 2010 !
1112 1958 1231 2010 Holy
1256 1958 1386 2010 Faith
1399 1958 1412 2010 !

540 2024 625 2065 We
648 2024 740 2065 will
761 2024 814 2065 be
834 2024 934 2065 true
955 2024 1000 2065 to
1022 2024 1123 2065 thee
1145 2024 1216 2065 till
1236 2024 1366 2065 death
1372 2024 1382 2065 .
