2304 2756
331 361 373 391 56

624 361 729 392 THE
765 361 1033 393 COMMAND
1069 363 1175 394 AND

309 429 333 465 "
341 429 419 466 And
446 429 540 467 Jesus
565 430 657 468 came
685 431 753 469 and
781 432 882 469 spake
909 433 992 470 unto
1016 434 1100 471 them
1107 434 1116 470 ,

269 471 391 511 saying
394 471 401 511 ,
416 471 475 511 All
487 471 596 511 power
610 471 640 511 is
652 471 752 511 given
766 471 849 511 unto
865 471 917 511 me
933 471 971 511 in
992 471 1118 511 heaven

270 508 340 546 and
352 508 388 546 in
403 508 502 546 earth
503 508 513 546 .
556 509 602 547 Go
617 509 654 547 ye
671 509 834 549 therefore
838 510 844 548 ,
861 510 931 548 and
951 510 1046 549 teach
1070 511 1117 549 all

270 544 405 583 nations
434 545 467 582 to
496 545 625 584 observe
654 546 702 583 all
729 546 843 584 things
870 547 1069 585 whatsoever
1099 548 1119 585 I

269 580 354 616 have
368 582 586 621 commanded
601 588 666 623 you
670 590 679 623 .

309 636 329 672 "
342 636 418 672 And
423 636 428 672 ,
445 636 475 672 lo
488 637 496 673 !
517 637 533 673 I
551 637 602 673 am
625 638 705 675 with
718 638 784 674 you
805 638 911 676 alway
914 639 920 675 ,
938 640 1019 677 even
1035 640 1117 678 unto

268 670 330 713 the
342 671 409 714 end
419 673 455 714 of
463 673 524 715 the
533 674 636 716 world
642 675 648 716 .
688 676 796 719 Amen
800 678 808 719 .
812 678 829 719 "
834 678 865 719 -
872 678 974 721 MATT
978 680 985 721 .
996 680 1107 723 XXVIII
1110 682 1117 723 .

269 717 307 747 18
307 717 318 746 ,
332 715 371 746 20
371 716 383 745 .

309 763 333 802 "
342 762 471 803 Preach
486 764 540 803 the
553 764 644 804 word
655 764 666 803 ;
688 765 723 804 be
737 764 867 805 instant
877 766 914 805 in
924 766 1038 806 season
1041 767 1048 806 ,
1059 767 1118 806 out

267 806 310 845 of
332 804 446 844 season
458 805 471 843 ;
496 803 632 843 reprove
636 803 644 841 ,
667 802 787 841 rebuke
790 802 797 840 ,
826 800 945 840 exhort
964 799 1048 839 with
1067 799 1119 838 all

269 842 347 881 long
348 842 360 880 -
363 841 525 881 suffering
524 841 541 879 .
536 841 555 879 "
559 841 590 879 -
595 841 616 879 2
632 841 700 879 TIM
703 841 709 879 .
722 840 756 878 IV
761 840 769 878 .
778 840 799 878 2
800 840 807 878 .

311 890 335 935 "
341 888 394 934 Ye
416 887 505 933 shall
527 885 569 931 be
589 882 765 931 witnesses
789 880 873 927 unto
895 879 950 926 me
974 878 1056 924 both
1081 876 1114 922 in

271 930 458 967 Jerusalem
464 931 470 966 ,
487 931 552 967 and
567 932 599 967 in
618 932 662 967 all
676 932 785 967 Judea
790 933 796 968 ,
813 933 876 968 and
898 933 932 968 in
958 933 1107 970 Samaria
1111 934 1117 969 ,

272 973 338 1008 and
352 973 434 1008 unto
450 973 509 1008 the
523 973 703 1008 uttermost
719 973 809 1008 parts
827 973 861 1008 of
879 973 935 1008 the
953 973 1046 1008 earth
1053 973 1060 1008 .
1063 973 1079 1008 "-

271 1009 361 1037 ACTS
377 1010 400 1037 I.
414 1011 433 1037 8
438 1011 445 1037 .

312 1312 336 1354 "
341 1310 482 1354 Declare
497 1311 550 1353 his
562 1310 658 1352 glory
674 1310 796 1352 among
816 1309 870 1351 the
892 1308 1035 1351 heathen
1041 1309 1048 1351 ,
1070 1308 1120 1350 his

273 1351 423 1390 wonders
438 1351 559 1390 among
575 1351 624 1390 all
635 1351 751 1390 people
755 1351 764 1390 .
767 1351 784 1390 "
789 1351 819 1390 -
827 1351 943 1390 PSALM
957 1351 1037 1390 XCVI
1040 1351 1047 1390 .
1060 1351 1080 1390 3
1082 1351 1091 1390 .

311 1060 334 1102 "
343 1059 392 1101 Go
395 1059 403 1101 ,
417 1057 521 1101 stand
534 1056 604 1100 and
618 1056 718 1100 speak
735 1056 770 1098 in
793 1056 848 1098 the
868 1054 989 1098 temple
1010 1054 1042 1096 to
1066 1054 1119 1096 the

268 1097 385 1139 people
399 1097 449 1138 all
462 1097 518 1137 the
529 1095 638 1137 words
651 1096 689 1136 of
701 1095 768 1135 this
780 1094 841 1135 life
842 1094 852 1134 .
853 1094 871 1134 "
875 1094 906 1134 -
915 1092 1005 1134 ACTS
1011 1093 1017 1133 .
1028 1093 1046 1133 v
1054 1093 1060 1133 .
1070 1092 1110 1133 20
1113 1092 1119 1132 .

1187 971 1208 1011 "
1227 971 1296 1011 The
1319 971 1430 1013 Spirit
1460 972 1498 1012 of
1526 973 1580 1013 the
1611 973 1701 1014 Lord
1738 974 1810 1014 God
1842 974 1873 1014 is
1905 975 1994 1016 upon

1147 1013 1198 1048 me
1207 1013 1221 1047 ;
1241 1012 1379 1047 because
1402 1012 1456 1046 the
1480 1012 1570 1046 Lord
1595 1011 1677 1045 hath
1704 1009 1862 1045 anointed
1888 1010 1939 1044 me
1959 1010 1995 1044 to

1144 1052 1269 1096 preach
1289 1051 1373 1094 good
1396 1050 1522 1094 tidings
1545 1049 1628 1092 unto
1646 1049 1702 1091 the
1721 1047 1813 1091 meek
1824 1048 1836 1090 ;
1857 1048 1897 1090 he
1911 1046 1992 1089 hath

1147 1091 1219 1132 sent
1246 1091 1297 1131 me
1326 1091 1358 1131 to
1384 1089 1468 1130 bind
1493 1089 1537 1129 up
1567 1089 1621 1129 the
1648 1087 1767 1129 broken
1770 1087 1783 1127 -
1785 1086 1924 1128 hearted
1925 1086 1934 1126 ,
1960 1086 1996 1126 to

312 1147 336 1194 "
342 1144 473 1193 Behold
477 1144 486 1191 ,
499 1143 518 1190 I
531 1142 608 1190 give
622 1140 705 1189 unto
719 1138 785 1187 you
800 1136 913 1186 power
920 1135 955 1184 to
967 1134 1062 1183 tread
1077 1133 1119 1181 on
1143 1130 1309 1180 proclaim
1322 1128 1444 1177 liberty
1459 1127 1494 1175 to
1508 1126 1563 1174 the
1573 1124 1722 1173 captives
1723 1124 1732 1171 ,
1747 1122 1818 1170 and
1831 1120 1886 1169 the
1899 1119 1982 1168 open-

272 1187 423 1238 serpents
438 1186 505 1235 and
519 1182 691 1233 scorpions
694 1183 701 1230 ,
719 1181 785 1229 and
795 1179 875 1228 over
887 1177 935 1226 all
942 1176 999 1225 the
1010 1172 1209 1224 powering
1220 1171 1260 1220 of
1276 1170 1336 1219 the
1345 1168 1462 1217 prison
1482 1166 1516 1215 to
1529 1164 1618 1214 them
1640 1163 1719 1212 that
1732 1161 1791 1210 are
1809 1159 1925 1209 bound
1924 1159 1938 1206 ,
1936 1159 1956 1206 "

271 1226 308 1262 of
338 1226 398 1262 the
426 1226 548 1264 enemy
561 1227 568 1263 ;
599 1227 662 1264 and
692 1227 836 1265 nothing
864 1229 951 1266 shall
979 1230 1022 1266 by
1055 1230 1125 1266 any

272 1265 387 1302 means
404 1265 484 1301 hurt
498 1265 562 1301 you
568 1264 576 1300 .
578 1264 594 1300 "
601 1264 630 1300 -
640 1264 736 1300 LUKE
753 1264 786 1300 X.
799 1264 836 1300 19
839 1263 847 1299 .

273 1494 337 1521 No.
355 1494 398 1521 62
401 1494 411 1521 .

312 1537 330 1574 1
353 1537 406 1574 Ho
416 1537 425 1574 !
448 1537 504 1575 my
519 1537 690 1576 comrades
704 1539 758 1576 see
772 1539 831 1576 the
846 1539 956 1578 signal

391 1575 534 1612 Waving
547 1577 583 1612 in
598 1577 657 1614 the
672 1578 733 1614 sky
735 1579 744 1614 ,

351 1610 643 1652 Reinforcements
659 1615 731 1654 now
748 1616 931 1657 appearing
933 1619 944 1656 ,

390 1653 529 1691 Victory
542 1656 571 1691 is
587 1657 667 1693 nigh
672 1658 678 1693 .

287 1700 414 1737 Chorus
418 1702 459 1737 .-
462 1702 484 1737 "
498 1702 586 1739 Hold
603 1703 660 1738 the
675 1704 740 1740 fort
756 1704 806 1740 for
822 1705 838 1740 I
853 1705 907 1740 am
924 1705 1058 1742 coming
1058 1707 1069 1742 ,
1070 1707 1086 1742 "

506 1742 605 1777 Jesus
621 1744 745 1780 signals
761 1746 833 1781 still
835 1747 843 1780 ,

1216 363 1320 395 THE
1362 364 1627 396 PROMISES
1634 365 1642 396 .

1184 432 1205 468 "
1218 431 1291 469 And
1307 433 1364 470 the
1380 433 1465 471 idols
1481 434 1522 471 he
1537 435 1622 472 shall
1633 436 1759 473 utterly
1770 437 1896 475 abolish
1904 439 1912 475 .
1949 439 1989 464 In

1145 471 1219 511 that
1235 471 1299 511 day
1315 471 1332 511 a
1353 471 1432 511 man
1455 471 1539 511 shall
1563 471 1632 511 cast
1654 471 1705 511 his
1728 471 1813 511 idols
1831 471 1867 511 of
1891 471 1993 511 silver

1146 511 1211 549 and
1226 512 1300 550 gold
1308 512 1313 550 ,
1330 512 1438 550 which
1455 513 1536 551 they
1552 513 1648 551 made
1667 513 1745 552 each
1763 514 1824 552 one
1839 514 1890 552 for
1906 514 1975 553 him-

1145 548 1210 585 self
1239 549 1273 586 to
1302 548 1446 587 worship
1452 549 1458 586 ,
1487 550 1522 587 to
1549 550 1607 587 the
1638 550 1741 588 moles
1771 551 1836 588 and
1865 551 1898 588 to
1933 552 1991 589 the

1145 586 1218 618 bats
1221 588 1230 618 .
1232 588 1251 618 "
1254 589 1283 620 -
1292 589 1352 621 ISA
1353 590 1361 620 .
1375 591 1405 622 II
1408 592 1417 622 .
1429 592 1468 623 18
1469 593 1478 623 ,
1491 593 1530 624 20
1531 594 1541 624 .

1185 651 1209 690 "
1216 649 1287 689 Say
1313 648 1436 689 among
1463 648 1516 687 the
1546 646 1687 687 heathen
1714 644 1791 685 that
1816 643 1872 684 the
1900 643 1991 683 Lord

1143 682 1297 725 reigneth
1309 684 1320 725 ;
1341 684 1395 727 the
1411 685 1516 728 world
1535 687 1606 730 also
1625 688 1717 731 shall
1734 690 1772 731 be
1793 690 1992 735 established

1146 728 1217 764 that
1233 728 1260 764 it
1275 728 1365 765 shall
1380 729 1436 765 not
1451 729 1486 765 be
1502 729 1615 767 moved
1631 730 1640 766 :
1663 730 1700 766 he
1716 730 1803 767 shall
1814 731 1918 768 judge
1938 731 1992 768 the

1143 767 1257 808 people
1273 768 1477 808 righteously
1480 769 1489 808 .
1491 769 1508 808 "
1515 769 1548 808 -
1552 769 1669 810 PSALM
1682 770 1761 810 XCVI
1764 771 1771 810 .
1791 771 1830 810 10
1832 771 1839 810 .

469 1779 572 1813 Wave
586 1780 645 1813 the
661 1781 788 1814 answer
803 1782 886 1816 back
900 1783 936 1815 to
955 1783 1085 1817 heaven
1089 1785 1096 1817 ,

507 1822 559 1859 By
573 1822 648 1859 Thy
662 1822 758 1859 grace
774 1822 823 1859 we
837 1822 909 1859 will
909 1822 919 1859 .

1199 835 1209 872 '
1220 835 1284 872 For
1300 835 1358 872 the
1375 835 1463 872 Lord
1478 835 1505 872 is
1529 835 1620 872 great
1625 835 1630 872 ,
1655 835 1720 872 and
1742 835 1873 872 greatly
1897 835 1931 872 to
1954 835 1994 872 be

1145 874 1277 921 praised
1291 874 1298 919 ;
1321 872 1363 918 he
1378 872 1406 917 is
1422 870 1457 917 to
1471 870 1511 916 be
1526 868 1636 916 feared
1653 866 1756 913 above
1774 865 1821 912 all
1839 864 1923 910 gods
1922 864 1934 909 .
1934 864 1957 909 "-

1148 911 1261 944 PSALM
1277 913 1354 945 XCVI
1359 914 1367 945 .
1380 914 1399 945 4
1402 914 1410 945 .

897 1436 1040 1464 HOLD
1078 1436 1182 1464 THE
1220 1436 1354 1464 FORT
1362 1436 1375 1464 .

767 1495 787 1527 "
800 1495 884 1527 That
896 1495 997 1527 which
1012 1495 1044 1527 ye
1060 1495 1133 1527 have
1148 1495 1221 1527 hold
1231 1495 1295 1527 fast
1309 1495 1360 1527 till
1374 1495 1389 1527 I
1401 1495 1483 1527 come
1483 1495 1493 1527 .
1492 1495 1509 1527 "

1189 1270 1210 1304 "
1224 1270 1252 1304 A
1265 1270 1354 1304 little
1371 1270 1433 1304 one
1449 1270 1535 1304 shall
1550 1270 1685 1304 become
1704 1270 1721 1304 a
1735 1270 1902 1304 thousand
1908 1270 1914 1304 ,
1932 1270 1997 1304 and

1151 1308 1168 1350 a
1183 1308 1280 1350 small
1296 1307 1358 1350 one
1375 1307 1393 1349 a
1406 1307 1524 1349 strong
1534 1306 1650 1349 nation
1661 1306 1669 1348 ;
1699 1306 1715 1348 I
1737 1306 1795 1348 the
1817 1305 1908 1347 Lord
1926 1305 2000 1347 will

1151 1349 1270 1379 hasten
1286 1350 1312 1378 it
1327 1350 1361 1378 in
1380 1349 1432 1378 his
1448 1349 1529 1377 time
1535 1349 1543 1377 .
1543 1349 1558 1377 "
1566 1349 1595 1377 -
1604 1348 1661 1377 ISA
1664 1348 1669 1376 .
1687 1348 1730 1376 LX
1736 1348 1741 1376 .
1755 1348 1793 1376 22
1796 1348 1805 1376 .

1187 1537 1206 1573 2
1228 1537 1289 1573 See
1304 1537 1363 1573 the
1378 1537 1522 1573 glorious
1538 1537 1667 1573 banner
1682 1537 1812 1573 waving
1815 1537 1825 1573 ,

1266 1578 1357 1612 Hear
1371 1578 1429 1612 the
1445 1578 1543 1613 bugle
1558 1579 1641 1613 blow
1653 1579 1665 1613 ;

1225 1616 1267 1652 In
1283 1616 1343 1651 our
1356 1615 1496 1651 leader's
1513 1615 1610 1650 name
1628 1615 1715 1650 we'll
1729 1613 1880 1650 triumph

1266 1656 1353 1693 Over
1366 1655 1468 1692 every
1481 1654 1534 1690 foe
1538 1653 1585 1689 .--
1589 1653 1716 1689 Chorus
1718 1652 1726 1687 .

1189 1704 1207 1739 3
1230 1704 1345 1739 Fierce
1362 1704 1426 1739 and
1441 1704 1519 1740 long
1535 1705 1592 1740 the
1608 1705 1713 1740 battle
1726 1706 1823 1741 rages

1266 1743 1334 1777 But
1350 1744 1409 1778 our
1424 1745 1502 1779 help
1515 1747 1547 1779 is
1562 1747 1642 1781 near
1645 1749 1653 1781 ,

1230 1783 1375 1819 Onward
1388 1782 1498 1818 comes
1515 1783 1574 1817 our
1590 1782 1683 1817 great
1699 1781 1916 1817 commander
1918 1781 1926 1815 ,

1269 1819 1378 1860 Cheer
1380 1820 1387 1858 ,
1401 1818 1460 1858 my
1474 1815 1645 1857 comrades
1650 1815 1656 1853 ,
1673 1813 1775 1853 cheer
1777 1812 1819 1851 .--
1828 1810 1956 1851 Chorus
1959 1811 1969 1849 .

1742 1857 1777 1886 P.
1794 1857 1831 1885 P.
1846 1855 1947 1885 BLISS
1952 1856 1959 1884 .

884 1957 1123 1988 WAITING

1154 1956 1401 1987 HARVEST
1409 1957 1417 1986 .

456 2013 474 2048 "
481 2012 553 2047 Lift
562 2012 604 2047 up
613 2011 689 2046 your
701 2011 768 2046 eyes
771 2010 777 2045 ,
790 2010 853 2045 and
865 2010 933 2045 look
946 2009 982 2044 on
997 2009 1046 2044 the
1057 2007 1147 2044 fields
1155 2008 1164 2043 ;
1181 2008 1231 2043 for
1246 2007 1320 2042 they
1332 2007 1385 2042 are
1399 2005 1491 2042 white
1503 2004 1636 2041 already
1649 2005 1678 2040 to
1691 2003 1814 2040 harvest
1814 2004 1823 2039 .
1823 2004 1839 2039 "

1677 2048 1772 2081 SILAS
1789 2048 1819 2080 J.
1838 2047 1920 2080 VAIL
1924 2047 1934 2079 .

404 2239 436 2275 1.
464 2239 532 2277 Say
581 2241 622 2278 ye
649 2241 712 2279 not
712 2243 720 2279 ,
772 2241 799 2278 O
842 2241 942 2278 Chris
951 2241 962 2278 -
966 2241 1038 2278 tian
1068 2241 1146 2278 reap
1151 2241 1161 2278 -
1164 2241 1199 2278 er
1201 2241 1208 2278 ,
1264 2241 1354 2278 That
1388 2241 1446 2278 the
1461 2241 1557 2278 earth
1584 2241 1628 2278 no

399 2311 443 2351 4

385 2355 439 2392 -4

1666 2236 1730 2275 har
1731 2237 1742 2274 -
1745 2237 1820 2276 vest
1846 2239 1957 2278 yields
1968 2241 1980 2278 :

1878 2355 1917 2377 2
