2129 3260
299 203 407 262 No.
447 203 578 262 155.
673 203 874 262 JESUS
880 203 893 262 ,
934 203 1185 262 SAVIOR
1195 203 1205 262 ,
1244 203 1439 262 PILOT
1476 203 1571 262 ME
1577 203 1591 262 .

367 278 513 305 EDWARD
532 279 665 306 HOPPER
668 280 674 305 .

363 449 396 487 1.
418 449 459 487 Je
518 449 575 487 sus
579 450 587 488 ,
616 449 788 489 Savior
790 451 797 489 ,

362 494 397 522 2.
419 494 467 524 As
534 499 557 526 a
598 495 689 524 moth

749 505 788 526 er

363 537 396 568 3.
420 537 523 568 When
536 537 571 568 at
600 537 671 568 last
747 540 767 568 I

302 623 339 652 0
326 623 356 652 :
369 623 401 652 3

714 512 725 517 -N

364 1371 438 1396 RAY
458 1371 594 1397 PALMER
597 1372 603 1396 .

859 450 1001 490 pilot
1045 452 1097 490 me

865 495 951 528 stills
966 495 1024 528 her
1040 495 1125 528 child

854 540 955 576 reach
967 540 1024 576 the
1037 540 1133 576 shore
1136 540 1142 576 ,

1066 664 1090 680 LA

296 711 334 754 D.
349 711 388 754 C.
388 711 422 754 -
435 711 543 754 Chart
553 712 628 755 and
639 711 794 756 compass
810 713 900 756 come
911 713 1001 756 from
1026 714 1112 757 Thee
1115 714 1122 757 ,
1164 714 1318 759 Jesus
1322 715 1329 758 ,
1355 714 1537 759 Savior
1542 716 1551 759 ,

296 758 333 795 D.
349 758 385 795 C.
386 758 414 795 -
440 758 520 795 Won
524 759 538 796 -
539 759 641 796 drous
656 759 718 796 Sov
720 759 732 796 -
734 759 828 797 reign
841 760 879 797 of

930 760 987 797 the

296 804 334 844 D.
349 804 386 844 C.
388 804 420 844 -
432 804 518 844 May
536 804 560 844 I
593 804 676 844 hear
704 804 790 844 Thee
819 804 883 844 say

938 810 971 834 to

342 2400 374 2428 1.
394 2400 414 2428 I

338 2445 374 2473 2.
394 2445 415 2473 I

356 2566 391 2593 4

1236 472 1247 477 -

1188 453 1215 493 O
1272 453 1332 493 ver
1376 453 1462 493 life's
1487 453 1585 493 tem-
1600 453 1675 493 pest
1690 453 1705 493 -
1720 453 1801 493 uous
1817 453 1875 493 sea
1879 453 1891 493 !

1161 495 1248 528 Thou
1263 495 1359 528 canst
1371 495 1453 528 hush
1489 495 1549 528 the
1618 509 1639 528 0

1696 498 1780 533 cean
1808 497 1884 532 wild
1886 497 1898 530 ;

1169 540 1241 576 And
1265 540 1320 576 the
1368 540 1442 576 fear
1465 540 1479 576 -
1495 540 1545 576 ful
1570 540 1673 576 break
1685 540 1700 576 -
1714 540 1769 576 ers

1819 550 1894 571 roar

1227 781 1239 786 -

385 1012 597 1053 Unknown
611 1012 716 1053 waves
742 1012 900 1053 before
946 1012 994 1053 me
1039 1012 1102 1053 roll
1106 1012 1113 1053 ,
1160 1012 1250 1053 Hid-
1265 1012 1321 1053 ing
1346 1012 1425 1053 rock
1466 1012 1529 1053 and
1546 1012 1661 1053 treach
1664 1012 1675 1053 -
1675 1012 1684 1053 '
1686 1012 1761 1053 rous
1779 1012 1871 1053 shoal
1876 1012 1886 1053 ;

384 1057 485 1097 Bois-
495 1057 596 1097 t'rous
610 1057 717 1097 waves
756 1057 896 1097 obey
934 1057 1001 1097 Thy
1038 1057 1103 1097 will
1106 1057 1112 1097 ,
1147 1057 1247 1097 When
1264 1057 1349 1097 Thou
1364 1057 1457 1097 sayst
1502 1057 1536 1097 to
1553 1057 1642 1097 them
1648 1057 1655 1097 ,
1669 1057 1687 1097 "
1692 1057 1737 1097 Be
1777 1057 1846 1097 still
1851 1057 1864 1097 !
1858 1057 1876 1097 "

382 1099 396 1131 "
396 1098 500 1132 Twixt
539 1100 587 1132 me
606 1100 670 1132 and
728 1101 785 1140 the
809 1101 1000 1140 peaceful
1044 1101 1113 1140 rest
1119 1101 1124 1140 ,
1148 1101 1234 1140 Then
1239 1101 1244 1140 ,
1263 1101 1356 1140 while
1371 1101 1443 1140 lean
1459 1101 1474 1140 -
1491 1101 1547 1140 ing
1588 1101 1626 1140 on
1669 1101 1735 1140 Thy
1768 1101 1879 1140 breast
1883 1101 1893 1140 ,

295 1307 404 1352 No.
438 1307 564 1351 156.
636 1303 738 1355 MY
776 1303 975 1355 FAITH
1019 1303 1236 1355 LOOKS
1279 1303 1363 1355 UP
1401 1303 1483 1355 TO
1523 1303 1701 1355 THEE
1708 1303 1721 1355 .

1026 1370 1041 1400 (
1048 1369 1171 1401 Olivet
1175 1370 1183 1400 .
1195 1370 1207 1400 )

1646 282 1676 308 J.
1697 282 1731 308 E.
1752 282 1863 308 GOULD
1867 282 1876 308 .

1588 716 1669 759 pi-
1690 716 1738 759 lot
1796 717 1849 746 me
1850 717 1865 746 !

1160 761 1203 803 Je
1261 761 1318 802 sus
1320 761 1328 802 ,
1359 759 1539 802 Savior
1543 760 1550 801 ,
1588 758 1740 801 pilot
1798 762 1853 791 me
1851 762 1867 791 !

1038 771 1093 798 sea
1097 771 1105 797 ,

1029 806 1081 843 me
1083 806 1093 842 :
1120 806 1142 842 "
1148 805 1236 842 Fear
1260 805 1319 841 not
1320 805 1328 841 ,
1372 805 1399 841 I
1476 804 1550 842 will
1591 804 1740 842 pilot
1779 804 1854 842 thee
1855 804 1873 842 !
1864 804 1885 842 "

1837 848 1874 873 D.
1890 848 1921 873 C.

300 2151 405 2207 No.
444 2151 569 2207 157.
638 2151 664 2207 I
703 2151 874 2207 LOVE
915 2151 1053 2207 THY
1091 2151 1411 2207 KINGDOM
1416 2151 1431 2207 ,

365 2218 520 2243 TIMOTHY
540 2218 678 2243 DWIGHT
683 2218 690 2243 .

906 2214 922 2246 (
931 2214 982 2246 St.
1003 2214 1162 2246 Thomas
1167 2214 1172 2246 .
1211 2214 1242 2246 S.
1266 2214 1315 2246 M.
1324 2214 1337 2246 )

344 2777 431 2815 deem
435 2777 446 2815 -
449 2777 484 2815 er
495 2777 595 2815 saved
609 2777 696 2815 With
711 2777 768 2815 His
783 2777 850 2815 own
865 2777 1015 2815 precious
1028 2777 1122 2815 blood
1126 2777 1134 2815 .

386 2820 424 2861 of
434 2820 535 2861 Thine
547 2820 606 2861 eye
610 2820 615 2861 ,
633 2820 705 2861 And
717 2820 797 2861 grav
802 2820 811 2861 -
814 2820 853 2861 en
871 2820 911 2861 on
928 2820 995 2861 Thy
1011 2820 1096 2861 hand
1097 2820 1105 2861 .

1660 516 1672 520 -

345 1519 375 1559 1.
400 1519 454 1559 My
477 1519 564 1559 faith
577 1519 667 1559 looks
681 1519 722 1559 up
735 1519 768 1559 to
783 1519 866 1559 Thee
871 1519 876 1559 ,
897 1519 983 1559 Thou
998 1519 1096 1559 Lamb
1110 1519 1146 1559 of
1159 1519 1217 1559 Cal
1217 1519 1227 1559 -
1231 1519 1271 1559 va
1272 1519 1283 1559 -
1286 1519 1323 1559 ry
1326 1519 1333 1559 ,
1348 1519 1409 1559 Sav
1412 1519 1423 1559 -
1424 1519 1474 1559 ior

339 1559 374 1604 2.
396 1559 473 1604 May
482 1559 550 1604 Thy
563 1559 634 1604 rich
646 1559 746 1604 giace
759 1559 878 1604 impart
891 1559 1001 1604 Strength
1016 1559 1040 1604 to
1052 1559 1090 1604 my
1104 1559 1204 1604 fainting
1215 1559 1308 1604 heart
1315 1559 1321 1604 ,
1337 1559 1389 1604 My
1406 1559 1476 1604 zeal

341 1604 373 1647 3.
395 1604 472 1647 While
484 1604 567 1647 life's
583 1604 665 1647 dark
677 1604 765 1647 maze
780 1604 792 1647 I
805 1604 872 1647 tread
874 1604 879 1647 ,
892 1604 942 1647 And
953 1604 1024 1647 griefs
1033 1604 1120 1647 around
1134 1604 1182 1647 me
1196 1604 1313 1647 spread
1317 1604 1322 1647 ,
1334 1604 1379 1647 Be
1390 1604 1477 1647 Thou
1492 1604 1543 1647 my
1555 1604 1655 1647 Guide
1661 1604 1668 1647 ;
1682 1604 1740 1647 Bid
1754 1604 1834 1647 dark
1836 1604 1848 1647 -
1851 1604 1928 1647 ness

1521 1519 1551 1559 di
1554 1519 1563 1559 -
1567 1519 1639 1559 vine
1647 1519 1653 1559 ;
1679 1519 1757 1559 Now
1772 1519 1852 1559 hear
1865 1519 1916 1559 me

1521 1559 1553 1604 in
1556 1559 1569 1604 -
1569 1559 1657 1604 spire
1664 1559 1670 1604 ;
1686 1559 1730 1604 As
1745 1559 1832 1604 Thou
1847 1559 1926 1604 hast

298 1672 411 1700 062
427 1672 461 1700 2

836 1659 940 1748 If

1195 1655 1318 1754 #f

1083 1782 1175 1863 #

362 1890 458 1934 while
494 1890 510 1933 I
524 1890 604 1933 pray
608 1890 616 1933 ,
628 1889 715 1932 Take
736 1889 781 1932 all
797 1889 846 1932 my
864 1888 946 1932 guilt
964 1888 982 1931 a
984 1888 996 1931 -
998 1888 1068 1931 way
1071 1888 1078 1931 ,
1124 1888 1151 1931 0
1197 1887 1244 1930 let
1258 1887 1306 1930 me
1320 1887 1406 1930 from
1419 1886 1483 1929 this
1498 1886 1559 1929 day
1574 1886 1617 1929 Be
1631 1885 1715 1929 whol
1727 1885 1742 1928 -
1753 1885 1785 1928 ly
1803 1885 1903 1928 Thine
1907 1885 1920 1928 !

362 1933 437 1976 died
467 1933 524 1976 for
538 1933 588 1976 me
593 1933 603 1976 ;
647 1933 675 1976 O
713 1933 786 1976 may
799 1933 848 1976 my
867 1933 938 1976 love
948 1933 983 1976 to
999 1933 1083 1976 Thee
1106 1933 1190 1976 Pure
1194 1933 1200 1976 ,
1212 1933 1283 1976 warm
1285 1933 1290 1976 ,
1300 1933 1347 1976 and
1358 1933 1546 1976 changeless
1560 1933 1598 1976 be
1604 1933 1609 1976 ,
1627 1933 1654 1976 A
1668 1933 1709 1976 liv
1713 1933 1724 1976 -
1727 1933 1782 1976 ing
1810 1933 1869 1976 fire
1871 1933 1883 1976 !

363 1979 442 2021 turn
481 1979 514 2021 to
533 1979 594 2021 day
597 1979 604 2021 ,
624 1979 715 2021 Wipe
728 1979 875 2021 sorrow's
892 1979 981 2021 tears
997 1979 1087 2021 away
1092 1979 1099 2021 ,
1113 1979 1179 2021 Nor
1203 1979 1251 2021 let
1267 1979 1317 2021 me
1355 1979 1416 2021 ev-
1430 1979 1465 2021 er
1482 1979 1574 2021 stray
1592 1979 1684 2021 From
1701 1979 1786 2021 Thee
1800 1979 1890 2021 aside
1891 1979 1901 2021 .

1511 2063 1537 2078 2

1830 317 1914 340 FINE
1917 317 1924 340 .

1588 1371 1723 1396 LOWELL
1742 1371 1858 1396 MASON
1863 1371 1871 1396 .

1472 2150 1647 2202 LORD
1652 2150 1667 2202 .

1861 1313 1894 1323 201

1606 2214 1641 2240 G.
1662 2214 1694 2240 F.
1717 2214 1862 2242 HANDEL
1865 2215 1872 2241 .

470 2396 545 2437 love
569 2396 636 2437 Thy
652 2396 731 2437 king
733 2396 745 2437 -
748 2396 820 2437 dom
824 2396 829 2437 ,
845 2396 929 2437 Lord
934 2396 940 2437 ,
958 2396 1023 2437 The
1036 2396 1135 2437 house
1152 2396 1189 2437 of
1206 2396 1304 2437 Thine
1321 2396 1340 2437 a
1352 2396 1365 2437 -
1378 2396 1459 2437 bode
1463 2396 1469 2437 ,
1488 2396 1553 2437 The
1567 2396 1695 2437 Church
1709 2396 1768 2437 our
1781 2396 1867 2437 blest
1879 2396 1928 2437 Re-

469 2441 544 2481 love
560 2441 624 2481 Thy
640 2441 767 2481 Church
771 2441 776 2481 ,
793 2441 816 2481 O
836 2441 902 2481 God
910 2441 917 2481 ;
957 2441 1023 2481 Her
1041 2441 1131 2481 walls
1145 2441 1182 2481 be
1185 2441 1195 2481 -
1199 2441 1271 2481 fore
1285 2441 1369 2481 Thee
1384 2441 1480 2481 stand
1485 2441 1490 2481 ,
1505 2441 1591 2481 Dear
1609 2441 1643 2481 as
1683 2441 1743 2481 the
1782 2441 1849 2481 ap-
1860 2441 1914 2481 ple

1359 2502 1440 2591 If

1213 2631 1235 2671 3
1258 2631 1388 2671 Beyond
1405 2631 1456 2671 my
1472 2631 1605 2671 highest
1621 2631 1679 2671 joy

1257 2674 1273 2713 I
1288 2673 1374 2714 prize
1391 2675 1449 2716 her
1464 2675 1624 2717 heavenly
1639 2678 1728 2718 ways
1732 2679 1739 2718 ,

1216 2712 1284 2751 Her
1297 2713 1399 2752 sweet
1417 2715 1618 2756 communion
1623 2718 1629 2755 ,
1648 2718 1772 2758 solemn
1788 2720 1874 2758 vows
1879 2721 1889 2758 ,

1260 2761 1326 2800 Her
1342 2761 1454 2801 hymns
1473 2762 1510 2801 of
1525 2762 1597 2801 love
1616 2762 1677 2802 and
1695 2762 1804 2803 praise
1807 2764 1816 2803 .

1210 2817 1232 2855 4
1257 2817 1336 2855 Sure
1354 2817 1387 2856 as
1406 2818 1475 2856 Thy
1491 2818 1582 2858 truth
1601 2819 1685 2858 shall
1703 2820 1771 2858 last
1774 2820 1783 2858 ,

1258 2861 1301 2897 To
1316 2861 1391 2898 Zion
1408 2862 1493 2899 shall
1512 2864 1550 2900 be
1565 2864 1662 2901 given
1668 2866 1676 2901 ,

1215 2905 1281 2946 The
1297 2904 1461 2947 brightest
1478 2906 1599 2948 glories
1614 2907 1711 2949 earth
1727 2907 1789 2949 can
1804 2908 1892 2949 yield
1894 2908 1905 2949 ,

1260 2950 1335 2990 And
1349 2950 1499 2990 brighter
1516 2950 1595 2990 bliss
1612 2950 1651 2990 of
1665 2950 1791 2990 heaven
1792 2950 1802 2990 .
