1294 2266
0 307 37 349 07
37 311 54 350 )

0 891 39 918 Les
39 892 49 917 ,

6 1751 28 1790 3
30 1751 45 1790 )

411 237 584 263 FUTURE
612 236 743 262 STATE
750 237 757 261 .

214 309 320 342 What
338 309 425 341 after
443 308 544 340 death
564 308 615 340 for
634 308 687 339 me
705 306 856 339 remains
866 307 880 338 ?

216 353 379 394 Celestial
397 353 475 394 joys
493 353 532 394 or
548 353 679 394 hellish
697 353 799 394 pains
801 353 808 394 ,

257 392 312 433 To
326 394 379 435 all
392 395 545 438 eternity
551 399 566 438 !
676 402 822 444 meblie

214 461 235 500 2
261 461 317 500 No
331 461 427 500 room
447 461 500 500 for
517 461 624 500 mirth
644 461 682 500 or
698 461 834 500 trifling
848 461 934 500 here
935 461 944 500 ,

217 505 285 547 For
303 505 452 547 worldly
470 505 560 547 hope
577 505 615 547 or
634 505 782 547 worldly
796 505 871 547 fear
873 505 883 547 ,

259 546 301 582 If
315 546 381 583 life
394 549 433 585 so
448 550 532 587 soon
548 552 578 588 is
594 553 684 590 gone
690 555 700 590 ;

215 594 254 633 If
272 594 344 632 now
364 593 424 632 the
441 592 558 632 Judge
575 592 603 630 is
623 592 655 630 at
674 592 730 630 the
749 591 835 629 door
837 591 845 629 ,

215 639 296 671 And
315 639 363 670 all
380 637 550 670 mankind
569 636 660 668 must
677 635 776 668 stand
795 635 912 668 before

259 683 314 713 Th
310 683 325 713 '
343 683 548 713 inexorable
564 683 689 713 throne
698 683 708 713 !

216 753 239 792 3
260 751 419 792 Nothing
438 751 465 790 is
482 749 594 790 worth
612 749 630 788 a
647 748 797 789 thought
813 747 962 787 beneath
965 747 972 786 ,

217 793 286 836 But
301 792 377 835 how
397 793 415 834 I
431 791 512 834 may
529 791 650 833 escape
667 791 726 832 the
743 789 847 832 death

259 840 351 877 That
367 839 474 876 never
477 839 483 874 ,
501 837 609 874 never
625 836 700 873 dies
710 836 719 871 !

214 880 306 915 How
324 880 425 915 make
443 880 537 915 mine
555 880 630 915 own
648 880 795 915 election
812 880 892 915 sure
894 880 904 915 ,

215 924 297 960 And
316 924 416 962 when
433 925 451 961 I
469 925 531 961 fail
549 925 591 962 on
610 926 707 963 earth
713 926 719 962 ,
737 926 857 964 secure

262 973 292 1003 A
311 971 468 1003 mansion
487 971 523 1001 in
541 970 599 1000 the
617 969 708 1000 skies
713 969 721 999 .

212 1034 238 1076 4
259 1034 364 1076 Jesus
366 1034 375 1076 ,
391 1034 578 1076 vouchsafe
596 1034 615 1076 a
632 1034 770 1076 pitying
787 1034 850 1076 ray
851 1034 862 1076 ,

215 1076 265 1117 Be
281 1076 367 1117 thou
385 1076 441 1117 my
458 1076 564 1118 guide
567 1077 573 1118 ,
592 1077 635 1118 be
650 1077 736 1118 thou
754 1078 812 1119 my
831 1078 905 1119 way
907 1078 916 1119 ,

258 1125 309 1164 To
325 1125 479 1164 glorious
498 1125 687 1164 happiness
697 1125 706 1164 !

216 1166 276 1208 Ah
288 1166 298 1208 !
321 1166 419 1208 write
434 1166 495 1208 the
511 1166 645 1208 pardon
663 1166 705 1208 on
726 1166 783 1208 my
799 1166 902 1208 heart
907 1166 918 1208 !

215 1209 300 1250 And
317 1209 527 1250 whensoe'er
545 1209 560 1250 I
580 1209 688 1250 hence
706 1209 829 1250 depart
831 1209 839 1250 ,

261 1256 327 1297 Let
343 1256 397 1297 me
414 1256 539 1297 depart
554 1256 592 1297 in
609 1256 714 1297 peace
722 1256 731 1297 !

959 225 1036 260 171

128 1334 249 1375 270

552 1334 591 1362 7s
593 1334 603 1362 .

439 1387 513 1419 Rev.
532 1387 582 1419 vii
587 1387 593 1419 .
612 1387 719 1419 13-17
721 1387 731 1419 .

211 1443 346 1514 WH

264 1438 401 1479 THAT
420 1438 477 1478 are
495 1437 591 1478 these
608 1436 754 1477 arrayed
772 1437 807 1477 in
828 1436 931 1476 white
934 1436 942 1476 ,

323 1479 489 1524 Brighter
503 1481 589 1525 than
605 1481 666 1525 the
682 1482 843 1527 noonday
861 1483 926 1527 sun
934 1484 944 1527 ;

217 1529 399 1565 Foremost
415 1529 454 1565 of
472 1529 533 1565 the
548 1529 626 1565 sons
644 1529 682 1565 of
701 1529 794 1565 light
796 1529 804 1565 ,

261 1573 407 1605 Nearest
423 1573 483 1603 the
500 1571 633 1603 eternal
649 1570 774 1602 throne
782 1571 799 1601 ?

216 1612 331 1653 These
346 1613 406 1653 are
420 1614 504 1654 they
521 1615 596 1654 that
613 1615 696 1656 bore
711 1616 773 1655 the
788 1616 879 1657 cross
882 1617 891 1656 ,

261 1659 379 1702 Nobly
395 1659 449 1701 for
464 1658 557 1700 their
575 1657 707 1700 Master
722 1656 819 1699 stood
829 1656 838 1697 ;

217 1702 386 1739 Sufferers
403 1704 438 1739 in
457 1704 511 1739 his
530 1704 707 1741 righteous
726 1706 827 1743 cause
828 1707 838 1742 ,

263 1749 451 1786 Followers
468 1749 507 1786 of
525 1749 586 1786 the
600 1749 712 1786 dying
727 1749 808 1786 God
811 1749 821 1786 .

216 1810 238 1851 2
260 1810 332 1851 Out
347 1810 388 1851 of
405 1810 502 1852 great
517 1810 660 1853 distress
677 1811 761 1853 they
777 1812 875 1853 came
874 1812 883 1853 ,

261 1853 416 1888 Washed
430 1853 523 1887 their
541 1853 637 1886 robes
655 1853 699 1886 by
717 1852 805 1885 faith
822 1850 931 1885 below

217 1898 262 1938 In
278 1898 338 1938 the
354 1898 456 1938 blood
475 1899 514 1939 of
532 1899 665 1940 yonder
684 1899 793 1940 Lamb
796 1900 803 1940 ,

260 1936 373 1975 Blood
389 1938 468 1976 that
481 1939 612 1979 washes
631 1941 736 1980 white
753 1943 787 1980 as
804 1943 897 1982 snow
906 1945 916 1982 ;

931 1329 945 1368 (
950 1329 1021 1368 702
1023 1329 1036 1368 )
