1981 2976
841 230 916 271 Das
936 228 1099 270 christliche
1117 227 1218 269 Leben
1224 228 1234 268 .

943 347 1106 425 286
1106 349 1128 425 .

696 478 771 518 Mel
774 478 783 518 .
810 478 844 518 O
860 478 920 518 daß
938 478 979 519 ich
996 479 1118 519 tausend
1137 479 1267 520 Zungen
1280 480 1367 520 hätte
1367 480 1381 520 .

443 566 511 635 우

1251 556 1370 639 P

367 668 405 722 1.
439 668 530 722 Mir
568 668 613 722 ist
653 668 903 722 Erbarmung
927 668 1006 722 wi-
1024 668 1086 722 der
1087 668 1105 722 -
1106 668 1171 722 fah
1177 668 1194 722 -
1198 668 1260 722 ren
1266 668 1277 722 ,
1317 668 1372 722 Er
1392 668 1411 722 -
1432 668 1622 722 barmung
1626 668 1639 722 ,
1674 668 1718 722 de-

445 724 539 779 Das
555 724 649 779 zähl
637 724 653 779 '
667 724 717 779 ich
739 724 785 779 zu
807 724 887 779 dem
912 724 1088 779 Wunder
1090 724 1108 779 -
1110 724 1158 779 ba
1161 724 1178 779 -
1181 724 1245 779 ren
1249 724 1260 779 ,
1293 724 1411 779 Mein
1438 724 1508 779 stol
1520 724 1538 779 -
1550 724 1612 779 zes
1644 724 1744 779 Herz

1426 804 1515 868 #e

304 235 393 278 264

716 849 752 870 a

349 914 420 982 ren
468 917 526 983 ich
542 919 649 986 nicht
662 921 781 990 werth
787 924 805 989 ;
866 926 970 993 Nun
986 929 1082 996 weiß
1103 931 1158 998 ich
1177 933 1254 1001 das
1277 935 1356 1003 und
1378 938 1448 1005 bin
1464 940 1502 1006 er
1503 941 1525 1006 -
1517 941 1624 1009 freut
1651 944 1740 1012 Und

326 976 432 1030 hat's
469 976 537 1030 nie
571 976 789 1030 begehrt
792 976 801 1030 .

1011 1056 1134 1140 H

1552 816 1592 839 o

339 1170 411 1224 rüh
423 1170 441 1224 -
451 1170 509 1224 me
535 1170 597 1224 die
621 1170 749 1224 Barm
759 1170 780 1224 -
789 1170 854 1224 her
860 1170 881 1224 -
887 1170 948 1224 zig
958 1170 977 1224 -
986 1170 1057 1224 keit
1052 1170 1067 1224 .

370 1251 414 1304 2.
446 1251 520 1304 Ich
536 1251 642 1304 hatte
658 1251 802 1304 Gottes
819 1251 928 1304 Zorn
945 1251 1030 1304 ver-
1119 1248 1163 1300 4.
1192 1248 1293 1300 Dieß
1316 1248 1380 1300 laß
1406 1248 1456 1300 ich
1486 1248 1563 1300 kein
1588 1248 1777 1300 Geschöpf

310 1308 438 1362 dienet
459 1308 544 1362 Und
564 1308 636 1362 soll
653 1308 713 1362 bei
731 1308 832 1362 Gott
848 1308 887 1362 in
909 1308 1007 1362 Gna
1009 1308 1026 1362 -
1065 1308 1138 1362 mir
1159 1308 1300 1362 rauben
1304 1308 1316 1362 ,
1326 1308 1424 1362 Dieß
1440 1308 1510 1362 soll
1522 1308 1622 1362 mein
1642 1308 1764 1362 einzig
1766 1308 1778 1362 '

311 1363 384 1417 den
408 1363 489 1417 sein
499 1363 514 1417 ;
551 1363 608 1417 Er
632 1363 704 1417 hat
738 1363 830 1417 mich
864 1363 936 1417 mit
960 1363 1028 1417 sich

308 1425 415 1485 selbst
435 1424 632 1484 verfühnet
634 1424 645 1483 ,
666 1423 805 1483 Macht
820 1423 929 1483 durch
953 1423 1027 1482 das

310 1484 419 1536 Blut
428 1484 492 1535 des
510 1482 667 1535 Sohn's
682 1483 774 1534 mich
791 1483 869 1534 rein
877 1482 888 1533 .
905 1482 1008 1533 War-

314 1537 379 1591 um
389 1537 413 1591 ?
443 1537 518 1591 Ich
547 1537 633 1591 war
651 1537 696 1591 ja
718 1537 861 1591 Gottes
886 1537 1005 1591 Feind
1017 1537 1028 1591 !

315 1598 564 1657 Erbarmung
576 1597 680 1655 hat's
699 1598 734 1654 so
749 1596 830 1654 treu
847 1596 1010 1654 gemeint
1017 1596 1028 1652 !

370 1656 412 1705 3.
434 1656 526 1705 Das
542 1656 632 1705 muß
650 1656 701 1705 ich
710 1656 771 1705 dir
772 1656 783 1705 ,
796 1656 895 1705 mein
917 1656 1021 1705 Gott
1019 1656 1031 1705 ,

311 1712 498 1761 bekennen
503 1712 516 1761 ,
547 1712 641 1761 Das
671 1712 777 1761 rühm
782 1712 796 1761 '
825 1712 874 1761 ich
879 1712 891 1761 ,
918 1712 1028 1761 wenn

313 1772 371 1828 ein
398 1771 553 1827 Mensch
572 1771 663 1826 mich
680 1769 786 1826 fragt
793 1770 805 1825 ;
840 1769 911 1825 Ich
930 1768 1026 1824 kann

314 1831 354 1886 es
385 1831 465 1885 nur
483 1829 736 1885 Erbarmung
767 1828 915 1884 nennen
920 1829 931 1883 ,
961 1828 1026 1883 So

313 1888 356 1945 ist
376 1888 475 1944 mein
500 1886 640 1944 ganzes
665 1887 760 1943 Herz
781 1886 908 1943 gesagt
911 1886 920 1942 .
955 1886 1027 1942 Ich

313 1945 434 2001 beuge
459 1945 549 2001 mich
580 1945 660 2001 und
689 1945 755 2001 bin
785 1945 925 2001 erfreut
945 1945 1027 2001 Und

315 2003 450 2062 rühme
470 2003 532 2062 die
549 2003 873 2062 Barmherzigkeit
874 2003 887 2062 .

1064 1363 1243 1417 Rühmen
1257 1363 1334 1417 sein
1345 1363 1357 1417 ;
1371 1363 1459 1417 Auf
1467 1363 1548 1417 dieß
1566 1363 1774 1417 Erbarmen

1062 1423 1146 1482 will
1166 1422 1216 1481 ich
1240 1421 1403 1482 glauben
1408 1421 1420 1480 ,
1446 1421 1537 1480 Auf
1557 1421 1678 1480 dieses
1705 1420 1771 1479 bet
1764 1420 1781 1479 '

1063 1482 1116 1533 ich
1146 1481 1235 1532 auch
1265 1481 1378 1532 allein
1384 1481 1395 1532 ,
1420 1480 1510 1531 Auf
1531 1480 1649 1531 dieses
1671 1479 1765 1531 duld
1765 1479 1779 1530 '

1065 1537 1116 1591 ich
1140 1537 1177 1591 in
1203 1537 1267 1591 der
1287 1537 1391 1591 Noth
1397 1537 1409 1591 ,
1436 1537 1523 1591 Auf
1539 1537 1657 1591 dieses
1677 1537 1766 1591 hoff
1762 1537 1777 1591 '

1064 1596 1115 1652 ich
1140 1594 1228 1651 noch
1254 1595 1306 1651 im
1330 1593 1414 1650 Tod
1418 1594 1430 1650 .

1118 1650 1165 1704 5.
1195 1650 1296 1704 Gott
1299 1650 1310 1704 ,
1332 1650 1398 1704 der
1423 1650 1473 1704 du
1503 1650 1597 1704 reich
1625 1650 1698 1704 bist
1725 1650 1778 1704 an

1067 1712 1276 1761 Erbarmen
1283 1712 1294 1761 ,
1310 1712 1444 1761 Nimm
1459 1712 1546 1761 dein
1562 1712 1776 1761 Erbarmen

1063 1767 1161 1823 nicht
1196 1768 1270 1823 von
1306 1767 1381 1822 mir
1384 1767 1395 1822 ,
1430 1766 1516 1822 Und
1549 1765 1645 1821 führ
1637 1765 1651 1820 '
1688 1765 1779 1820 einst

1061 1828 1171 1882 durch
1186 1827 1253 1882 den
1271 1827 1352 1881 Tod
1370 1826 1458 1881 mich
1476 1825 1616 1881 Armen
1623 1826 1632 1880 ,
1648 1824 1774 1880 Durch

1064 1884 1208 1942 meines
1226 1884 1428 1942 Heiland's
1447 1884 1530 1940 Tod
1543 1884 1588 1940 zu
1604 1884 1666 1940 dir
1675 1883 1687 1939 ;
1708 1883 1779 1939 Da

1065 1945 1132 2001 bin
1147 1945 1196 2001 ich
1207 1945 1301 2001 ewig
1312 1945 1541 2001 hocherfreut
1551 1945 1636 2001 Und
1645 1945 1782 2001 rühme

1063 2001 1125 2052 die
1143 2000 1464 2054 Barmherzigkeit
1470 2003 1485 2054 !

1207 2068 1245 2104 Ph
1252 2068 1259 2103 .
1277 2067 1325 2103 Fr.
1343 2066 1430 2103 Hiller
1431 2066 1438 2101 ,
1458 2065 1512 2101 geb.
1534 2064 1598 2100 1699
1600 2065 1606 2100 ,
1626 2065 1644 2100 +
1664 2063 1731 2099 1769
1731 2064 1740 2099 .

956 2163 1122 2242 287
1119 2166 1141 2241 .

661 2295 733 2335 Mel
736 2295 747 2335 .
772 2295 855 2335 Wer
868 2295 929 2335 nur
943 2295 995 2335 den
1012 2295 1105 2335 lieben
1124 2295 1204 2335 Gott
1217 2295 1288 2335 läßt
1300 2295 1413 2335 walten
1415 2295 1427 2335 .

376 2517 419 2573 1.
447 2517 549 2573 Herr
559 2517 636 2573 von
655 2517 707 2573 un
716 2517 737 2573 -
747 2517 814 2573 end
826 2517 843 2573 -
853 2517 884 2573 li
892 2517 910 2573 -
923 2517 1013 2573 chem
1032 2517 1086 2573 Er
1088 2517 1105 2573 -
1107 2517 1260 2573 barmen
1265 2517 1277 2573 ,
1308 2517 1380 2573 Du
1405 2517 1458 2573 un
1469 2517 1487 2573 -
1497 2517 1534 2573 er
1542 2517 1561 2573 -
1568 2517 1763 2573 gründlich

450 2574 525 2625 Ich
561 2574 638 2625 dan
649 2574 669 2625 -
680 2575 717 2626 ke
748 2575 809 2626 dir
841 2575 913 2626 mit
935 2576 983 2627 an
989 2576 1006 2627 -
1010 2576 1099 2627 dern
1114 2576 1252 2629 Armen
1259 2577 1271 2628 ,
1302 2577 1390 2629 Mit
1404 2578 1436 2629 ei
1446 2578 1465 2629 -
1472 2578 1556 2629 nem
1587 2578 1663 2630 gan
1668 2579 1685 2630 -
1685 2579 1751 2630 zen
