2808 2307
210 2085 229 2111 16

327 554 346 566 D

313 591 355 618 -4

419 665 631 699 Heavenly
653 664 765 696 Dove
765 664 775 694 .

240 712 254 744 1
274 710 376 743 Come
381 711 387 743 ,
402 709 493 743 Holy
508 709 612 742 Spirit
617 709 622 741 ,
639 708 813 742 heavenly
828 707 922 740 Dove
926 708 933 740 ,

277 741 370 774 With
386 741 431 774 all
446 741 509 775 thy
525 741 731 776 quick'ning
746 742 877 777 powers
888 744 896 777 ;

241 776 370 804 Kindle
385 777 402 803 a
418 775 521 803 flame
534 776 570 802 of
580 774 694 802 sacred
707 773 787 801 love

274 810 315 836 In
331 810 427 836 these
439 810 513 836 cold
528 810 640 836 hearts
656 810 693 836 of
703 810 781 836 ours
784 810 793 836 .

238 856 256 885 2
274 854 399 885 Father
403 855 408 884 ,
423 854 491 884 and
505 854 595 883 shall
612 854 661 883 we
675 853 753 883 ever
766 853 837 882 live

276 889 321 921 At
332 889 403 920 this
417 888 498 920 poor
512 887 619 919 dying
633 888 705 919 rate-

240 921 309 952 Our
320 921 399 952 love
411 921 448 952 so
461 921 549 952 faint
554 921 559 952 ,
574 921 612 952 so
624 921 698 952 cold
712 921 748 952 to
760 921 840 952 thee
844 921 851 952 ,

275 953 354 983 And
368 953 468 983 thine
481 954 515 983 to
530 954 568 983 us
582 955 618 984 so
631 954 725 985 great
734 956 749 985 ?

239 999 256 1031 3
274 999 377 1031 Come
380 999 386 1031 ,
402 999 492 1031 Holy
508 999 611 1031 Spirit
616 999 621 1031 ,
639 999 809 1031 heavenly
825 999 918 1031 Dove
923 999 930 1031 ,

276 1026 370 1061 With
384 1028 432 1062 all
444 1028 509 1063 thy
523 1029 729 1065 quick'ning
742 1031 875 1067 powers
883 1033 891 1066 ;

241 1066 343 1097 Come
345 1066 352 1097 ,
366 1066 449 1097 shed
463 1066 588 1097 abroad
603 1066 622 1097 a
636 1066 783 1097 Savior's
797 1066 875 1097 love
878 1066 885 1097 ,

274 1098 353 1125 And
367 1098 444 1125 that
456 1098 545 1125 shall
560 1098 683 1125 kindle
697 1098 774 1125 ours
778 1098 786 1125 .

441 1563 519 1589 Not
539 1563 740 1589 Ashamed
745 1563 755 1589 .

239 1602 257 1632 1
274 1602 336 1633 I'm
355 1603 417 1634 not
429 1603 592 1635 ashamed
608 1605 642 1635 to
657 1605 734 1637 own
750 1606 808 1638 my
826 1606 910 1638 Lord
915 1608 922 1638 ,

272 1635 317 1666 Or
329 1637 365 1667 to
377 1637 505 1670 defend
520 1640 573 1671 his
587 1641 688 1673 cause
696 1644 708 1673 ;

242 1668 415 1701 Maintain
430 1670 490 1702 the
504 1670 613 1703 honor
627 1672 663 1703 of
672 1672 727 1704 his
742 1672 832 1705 word
837 1674 845 1705 ,

275 1706 345 1736 The
358 1706 453 1737 glory
469 1707 504 1736 of
515 1708 569 1737 his
584 1708 674 1739 cross
677 1709 684 1738 .

240 1747 258 1782 2
277 1747 367 1782 Firm
402 1747 438 1782 as
468 1748 521 1783 his
555 1748 680 1785 throne
711 1749 765 1784 his
802 1749 953 1786 promise

277 1782 355 1810 And
370 1784 415 1811 he
428 1784 490 1812 can
508 1785 583 1813 well
599 1786 716 1814 secure
806 1786 822 1816 [
822 1786 942 1816 stands
946 1786 952 1816 ,

244 1814 350 1846 What
365 1815 437 1846 I've
449 1815 651 1847 committed
666 1817 701 1848 to
716 1818 770 1848 his
784 1818 897 1850 hands
900 1819 907 1849 ,

276 1849 343 1875 Till
356 1849 414 1875 the
429 1849 577 1877 decisive
591 1850 680 1876 hour
682 1850 692 1876 .

242 1895 259 1930 3
275 1895 369 1930 Then
401 1895 444 1930 he
477 1895 550 1930 will
581 1895 658 1930 own
692 1895 750 1930 my
776 1895 954 1930 worthless

279 1925 394 1954 Before
410 1927 463 1955 his
479 1927 629 1957 Father's
642 1929 712 1958 face
715 1930 724 1957 ,

835 1930 849 1956 [
850 1929 954 1958 name

246 1960 323 1986 And
338 1960 375 1986 in
392 1960 452 1986 the
467 1961 547 1987 New
565 1961 753 1989 Jerusalem

280 1994 439 2026 Appoint
453 1995 513 2026 my
527 1996 602 2026 soul
616 1996 634 2026 a
649 1997 746 2028 place
748 1997 756 2027 .

374 2109 403 2141 8

1095 291 1351 332 PEORIA
1356 291 1370 332 .
1425 291 1478 332 C.
1511 291 1585 332 M.

1198 663 1333 690 Closer
1359 663 1471 690 Walk
1481 664 1491 690 .

986 709 1001 739 1
1022 709 1071 739 Oh
1077 709 1083 739 ,
1098 709 1145 739 for
1161 709 1179 739 a
1194 709 1299 739 closer
1314 709 1406 739 walk
1425 709 1508 739 with
1525 709 1596 739 God
1601 709 1608 739 ,

1022 742 1051 773 A
1065 742 1153 773 calm
1171 742 1239 773 and
1255 742 1428 773 heavenly
1444 742 1555 773 frame
1563 742 1572 773 !

987 776 1017 805 A
1031 776 1120 805 light
1133 776 1167 805 to
1183 776 1283 805 shine
1300 776 1393 805 upon
1409 776 1468 805 the
1481 776 1563 805 road

1022 808 1108 832 That
1119 808 1214 832 leads
1229 808 1283 833 me
1299 809 1333 833 to
1348 809 1407 833 the
1423 809 1531 834 Lamb
1541 810 1550 834 !

984 851 1002 880 2
1021 851 1089 881 The
1103 851 1235 882 dearest
1251 853 1320 883 idol
1337 853 1351 882 I
1367 853 1456 884 have
1468 854 1601 885 known
1605 856 1613 885 ,

1022 886 1193 914 Whate'er
1206 887 1284 915 that
1296 889 1370 916 idol
1382 889 1423 916 be
1427 890 1434 916 ,

987 922 1077 953 Help
1092 922 1148 953 me
1161 922 1196 953 to
1209 922 1282 953 tear
1296 922 1322 953 it
1337 922 1424 953 from
1440 922 1503 953 thy
1517 922 1643 953 throne
1647 922 1654 953 ,

1018 953 1101 985 And
1118 953 1266 985 worship
1282 953 1364 985 only
1379 953 1458 985 thee
1463 953 1470 985 .

503 1287 1512 1383 garagesgesc

983 998 1001 1034 3
1018 998 1062 1034 So
1076 998 1170 1034 shall
1182 998 1243 1034 my
1253 998 1345 1034 walk
1363 998 1403 1034 be
1418 998 1507 1034 close
1518 998 1603 1034 with
1615 998 1685 1034 God
1691 998 1697 1034 ,

1019 1030 1112 1063 Calm
1131 1032 1200 1064 and
1215 1032 1334 1065 serene
1351 1034 1408 1066 my
1424 1034 1535 1067 frame
1544 1036 1554 1067 ;

986 1066 1028 1097 So
1042 1066 1144 1097 purer
1157 1066 1243 1097 light
1258 1066 1349 1097 shall
1365 1066 1465 1097 mark
1480 1066 1542 1097 the
1552 1066 1635 1097 road

1019 1097 1108 1124 That
1119 1097 1214 1124 leads
1229 1098 1283 1125 me
1298 1098 1331 1125 to
1348 1098 1407 1125 the
1422 1099 1531 1127 Lamb
1535 1099 1543 1126 .

1022 1195 1433 1239 CAMBRIDGE
1439 1195 1449 1239 .
1505 1195 1558 1239 C.
1590 1195 1663 1239 M.

1131 1563 1353 1593 Abundant
1374 1564 1540 1594 Mercies
1547 1565 1555 1593 .

987 1602 1002 1637 1
1024 1602 1134 1638 When
1152 1604 1199 1640 all
1212 1604 1276 1641 thy
1292 1605 1433 1643 mercies
1437 1607 1443 1642 ,
1459 1608 1502 1644 oh
1507 1608 1513 1643 ,
1529 1609 1588 1645 my
1603 1609 1675 1646 God
1680 1611 1686 1646 ,

1022 1640 1081 1674 My
1095 1641 1202 1676 rising
1215 1643 1290 1677 soul
1304 1645 1449 1679 surveys
1450 1647 1458 1679 ,

988 1674 1216 1707 Transported
1234 1674 1318 1707 with
1333 1674 1391 1707 the
1406 1674 1495 1707 view
1500 1674 1507 1707 ,
1520 1674 1583 1707 I'm
1599 1674 1668 1707 lost

1022 1707 1064 1740 In
1082 1706 1222 1741 wonder
1225 1708 1231 1741 ,
1243 1708 1323 1741 love
1328 1708 1333 1741 ,
1348 1708 1415 1742 and
1431 1708 1543 1743 praise
1551 1710 1562 1743 !

987 1750 1003 1785 2
1023 1750 1186 1787 Through
1203 1751 1305 1788 every
1320 1752 1436 1788 period
1452 1753 1490 1788 of
1500 1753 1560 1788 my
1575 1753 1635 1788 life

1024 1782 1099 1817 Thy
1111 1783 1280 1819 goodness
1295 1786 1350 1821 I'll
1363 1787 1490 1823 pursue
1496 1789 1508 1822 ;

989 1814 1070 1848 And
1084 1814 1175 1849 after
1187 1814 1287 1849 death
1294 1816 1300 1849 ,
1317 1816 1352 1849 in
1368 1816 1501 1851 distant
1514 1817 1637 1852 worlds
1641 1818 1649 1851 ,

1025 1850 1097 1884 The
1109 1849 1267 1885 pleasing
1278 1851 1397 1886 theme
1409 1851 1523 1887 renew
1525 1852 1534 1886 .

990 1895 1007 1930 3
1025 1895 1186 1930 Through
1201 1895 1246 1930 all
1263 1895 1413 1930 eternity
1428 1895 1463 1930 to
1475 1895 1558 1930 thee

1025 1931 1056 1962 A
1068 1931 1219 1962 grateful
1231 1931 1315 1962 song
1331 1931 1385 1962 I'll
1398 1931 1486 1962 raise
1494 1931 1504 1962 ;

993 1963 1058 1995 But
1061 1963 1067 1995 ,
1082 1963 1123 1995 oh
1138 1963 1148 1995 !
1167 1963 1343 1995 eternity's
1358 1963 1414 1995 too
1429 1963 1527 1995 short

1025 1994 1072 2025 To
1085 1994 1176 2026 utter
1189 1996 1236 2027 all
1249 1996 1312 2028 thy
1327 1997 1438 2029 praise
1441 1999 1449 2029 .

2366 295 2449 333 113

1905 666 2095 698 Morning
2118 668 2273 700 Prayer
2276 669 2285 699 .

1737 715 1752 748 1
1772 715 1857 748 Lord
1863 715 1869 748 ,
1894 715 1928 748 in
1964 715 2021 748 the
2054 715 2219 748 morning
2240 715 2326 748 thou
2357 715 2451 748 shalt

1772 746 1831 780 My
1845 746 1944 780 voice
1958 747 2145 783 ascending
2160 748 2245 783 high
2256 750 2264 783 ;

2352 748 2369 776 [
2366 748 2451 776 hear

1738 775 1783 807 To
1795 775 1876 808 thee
1889 777 1963 809 will
1978 779 1992 810 I
2007 779 2113 813 direct
2129 781 2189 814 my
2204 782 2328 816 prayer
2330 785 2338 816 ,

1771 810 1818 842 To
1831 810 1910 842 thee
1923 811 1979 844 lift
1991 812 2039 845 up
2056 813 2152 846 mine
2164 814 2228 847 eye
2234 816 2245 847 :

1735 858 1752 889 2
1771 858 1826 889 Up
1840 858 1875 889 to
1889 858 1948 889 the
1965 858 2047 890 hills
2063 859 2177 890 where
2192 859 2302 891 Christ
2315 860 2343 891 is
2353 860 2442 891 gone

1771 893 1817 924 To
1830 893 1930 924 plead
1945 893 1995 924 for
2010 893 2056 924 all
2071 893 2125 924 his
2139 893 2249 924 saints
2259 893 2269 924 ;

1741 926 1940 958 Presenting
1945 926 1951 958 ,
1967 926 2002 958 at
2016 926 2074 958 the
2090 926 2243 958 Father's
2257 926 2383 958 throne
2385 926 2392 958 ,

1770 959 1841 991 Our
1853 959 1954 991 songs
1970 959 2040 991 and
2054 959 2117 991 our
2130 959 2339 991 complaints
2343 959 2351 991 .

1737 998 1754 1034 3
1773 998 1823 1034 Oh
1830 998 1836 1034 ,
1850 998 1932 1034 may
1949 998 2012 1034 thy
2029 998 2133 1034 Spirit
2147 998 2249 1034 guide
2263 998 2323 1034 my
2338 998 2407 1034 feet

1772 1035 1813 1067 In
1829 1035 1923 1067 ways
1939 1035 1977 1067 of
1985 1035 2242 1067 righteousness
2249 1035 2259 1067 ;

1739 1067 1843 1101 Make
1857 1067 1960 1101 every
1977 1067 2062 1101 path
2076 1067 2113 1101 of
2122 1067 2207 1101 duty
2222 1067 2368 1101 straight
2372 1067 2379 1101 ,

1772 1101 1852 1133 And
1867 1101 1963 1133 plain
1981 1101 2095 1133 before
2110 1101 2168 1133 my
2183 1101 2256 1133 face
2264 1101 2274 1133 !

2236 1421 2453 1520 FEED

1931 1563 2076 1598 Joyful
2096 1560 2235 1594 Sound
2240 1560 2250 1591 .

1735 1609 1749 1641 1
1770 1609 1946 1641 Salvation
1963 1609 1970 1641 !
1989 1609 2032 1641 oh
2038 1609 2043 1641 ,
2059 1609 2118 1641 the
2128 1609 2244 1641 joyful
2255 1609 2367 1641 sound
2379 1609 2389 1641 !

1771 1645 1878 1675 What
1891 1645 2049 1675 pleasure
2062 1645 2097 1675 to
2112 1645 2174 1675 our
2188 1645 2261 1675 ears
2270 1645 2281 1675 !

1738 1675 1769 1708 A
1780 1675 1959 1708 sovereign
1976 1675 2069 1708 balm
2086 1675 2138 1708 for
2153 1675 2254 1708 every
2270 1675 2398 1708 wound
2401 1675 2409 1708 ,

1772 1711 1800 1735 A
1815 1711 1943 1735 cordial
1958 1711 2007 1735 for
2024 1711 2084 1735 our
2099 1711 2186 1735 fears
2189 1711 2196 1735 .

1734 1754 1753 1783 2
1770 1754 1950 1783 Salvation
1963 1754 1970 1783 !
1990 1754 2038 1783 let
2053 1754 2112 1783 the
2126 1754 2211 1783 echo
2226 1754 2273 1783 fly

1771 1786 1842 1819 The
1851 1786 2009 1819 spacious
2026 1786 2131 1819 world
2147 1786 2281 1819 around
2285 1786 2293 1819 ,

1738 1820 1854 1850 While
1868 1820 1915 1850 all
1928 1820 1987 1850 the
2005 1820 2129 1850 armies
2145 1820 2181 1850 of
2191 1820 2252 1850 the
2266 1820 2331 1850 sky

1771 1853 1935 1886 Conspire
1947 1853 1981 1884 to
1995 1851 2084 1884 raise
2097 1851 2156 1883 the
2169 1850 2280 1883 sound
2285 1850 2292 1881 .

1737 1897 1754 1929 3
1772 1897 1952 1929 Salvation
1965 1897 1975 1929 !
1993 1897 2018 1929 O
2031 1897 2119 1929 thou
2134 1897 2294 1929 bleeding
2310 1897 2420 1929 Lamb
2429 1897 2439 1929 !

1772 1929 1818 1960 To
1832 1929 1912 1961 thee
1922 1930 1983 1962 the
1996 1930 2109 1963 praise
2123 1931 2264 1964 belongs
2273 1933 2284 1964 ;

1738 1959 1916 1995 Salvation
1931 1960 2022 1996 shall
2036 1961 2168 1997 inspire
2181 1962 2243 1997 our
2256 1962 2371 1998 hearts
2375 1964 2381 1998 ,

1772 1994 1854 2028 And
1867 1995 1974 2029 dwell
1985 1996 2080 2030 upon
2096 1997 2158 2031 our
2171 1997 2316 2031 tongues
2318 1999 2326 2031 .
