2192 3204
318 387 551 419 SOMETHING
572 387 645 419 FOR
663 387 780 419 JESUS
783 387 789 419 .
824 387 858 419 6s
878 387 901 419 &
921 387 955 419 4s
959 387 966 419 .
999 387 1036 419 D.

807 459 886 550 į

354 744 393 778 4

855 298 982 333 NEW
1011 296 1303 332 CHRISTIAN

730 461 857 573 1

1474 455 1602 574 연

396 602 519 642 Saviour
523 602 527 642 ,
541 602 599 642 thy
615 602 712 642 dying
726 602 793 642 love
810 602 891 642 Thou
901 602 1007 642 gavest
1018 602 1062 642 me
1072 602 1078 642 ;
1091 602 1148 642 Nor
1157 602 1261 642 should
1272 602 1287 642 I
1298 602 1393 642 aught
1404 602 1548 642 withhold
1553 602 1557 642 ,
1568 602 1646 642 Dear
1657 602 1731 642 Lord
1737 602 1741 642 ,
1752 602 1823 642 from
1833 602 1903 642 thee
1913 602 1918 642 :

832 636 899 698 ♫

272 1021 311 1060 In
317 1021 385 1060 love
395 1021 446 1060 my
457 1021 522 1060 soul
530 1021 626 1060 would
638 1021 699 1060 bow
704 1021 708 1060 ,
721 1021 773 1060 My
784 1021 870 1060 heart
880 1021 971 1060 fulfill
982 1021 1019 1060 its
1031 1021 1093 1060 vow
1097 1021 1103 1060 ,
1114 1021 1194 1060 Some
1206 1021 1329 1060 offering
1341 1021 1429 1060 bring
1442 1021 1510 1060 thee
1522 1021 1583 1060 now
1590 1021 1593 1060 ,
1604 1021 1779 1060 Something
1788 1021 1832 1060 for
1841 1021 1911 1060 thee
1914 1021 1921 1060 .

393 1082 531 1106 PER

638 1079 723 1107 2.2
721 1080 738 1106 .

348 2039 393 2076 4

249 1247 382 1299 583

296 1314 488 1360 SAVIOUR
492 1314 499 1358 ,
517 1314 593 1358 thy
612 1312 736 1358 dying
753 1312 846 1357 love

340 1355 450 1398 Thou
467 1359 605 1403 gavest
622 1364 688 1406 me
693 1366 706 1405 ;

296 1398 382 1441 Nor
397 1399 536 1442 should
553 1401 574 1442 I
591 1401 713 1444 aught
730 1402 922 1446 withhold
926 1404 938 1445 ,

339 1450 440 1490 Dear
460 1450 563 1490 Lord
567 1450 573 1490 ,
592 1450 692 1490 from
710 1450 804 1490 thee
811 1450 823 1490 :

293 1492 344 1532 In
357 1492 446 1533 love
465 1493 532 1533 my
550 1493 636 1535 soul
654 1493 780 1535 would
799 1495 884 1536 bow
889 1495 900 1535 ,

294 1533 367 1577 My
384 1534 497 1579 heart
512 1536 630 1581 fulfill
644 1538 696 1582 its
711 1539 799 1583 vow
803 1541 815 1583 ,

295 1578 413 1620 Some
429 1579 595 1621 offering
614 1581 726 1623 bring
746 1582 840 1624 thee
856 1583 946 1624 now-

339 1624 576 1668 Something
592 1623 649 1665 for
663 1623 756 1664 thee
757 1623 767 1663 .

895 1223 998 1249 Copyright
1001 1223 1005 1247 ,
1015 1223 1059 1247 1871
1063 1223 1067 1247 ,
1078 1222 1102 1246 by
1113 1221 1182 1246 Biglow
1192 1221 1205 1245 &
1216 1219 1270 1245 Main
1273 1220 1278 1244 .

290 1684 317 1725 2
341 1684 433 1727 O'er
450 1685 520 1728 the
536 1686 638 1729 blest
653 1688 789 1731 mercy
791 1690 805 1731 -
807 1690 890 1732 seat
891 1691 903 1732 ,

339 1732 528 1772 Pleading
543 1737 602 1774 for
617 1739 684 1775 me
684 1740 693 1775 ,

293 1777 365 1817 My
383 1777 506 1818 feeble
524 1779 621 1819 faith
639 1780 752 1821 looks
767 1782 819 1822 up
824 1782 833 1821 ,

338 1825 452 1863 Jesus
454 1825 462 1863 ,
481 1825 520 1863 to
537 1825 630 1863 thee
640 1825 651 1863 ;

352 2300 391 2336 4

314 1924 432 1959 JESUS
436 1924 443 1959 ,
460 1924 476 1959 I
495 1924 599 1959 WILL
618 1924 745 1959 TRUST
764 1924 870 1959 THEE
875 1924 880 1959 .
915 1924 946 1959 6s
961 1924 985 1959 &
999 1924 1031 1959 5s
1033 1924 1039 1959 .
1074 1924 1111 1959 D.

340 1996 385 2026 13

703 1976 799 2092 최

956 1996 1066 2091 #

1572 386 1705 413 ROBERT
1726 387 1841 414 LOWRY
1843 388 1853 413 .

1150 1317 1257 1357 Help
1274 1317 1339 1357 me
1354 1317 1423 1357 the
1439 1317 1542 1357 cross
1557 1317 1600 1357 to
1616 1317 1708 1357 bear
1709 1317 1717 1357 ,

1148 1357 1239 1398 Thy
1252 1357 1461 1399 wondrous
1479 1358 1568 1399 love
1583 1358 1734 1401 declare
1736 1359 1745 1400 ,

1147 1402 1265 1442 Some
1282 1404 1379 1443 song
1396 1405 1435 1443 to
1452 1405 1552 1445 raise
1555 1407 1561 1445 ,
1583 1407 1624 1445 or
1641 1407 1782 1447 prayer-

1192 1447 1426 1490 Something
1444 1447 1504 1488 for
1518 1445 1613 1488 thee
1615 1446 1625 1487 .

1052 2821 1114 2848 216

1147 1516 1168 1547 3
1193 1516 1294 1547 Give
1311 1516 1376 1547 me
1396 1516 1417 1547 a
1436 1516 1595 1547 faithful
1611 1516 1732 1547 heart-

1192 1561 1383 1592 Likeness
1397 1561 1438 1592 to
1454 1561 1549 1592 thee-

1147 1600 1251 1642 That
1267 1602 1365 1643 each
1379 1603 1587 1647 departing
1603 1606 1682 1647 day

1190 1646 1435 1686 Henceforth
1454 1652 1548 1688 may
1566 1654 1630 1689 see

1148 1690 1263 1729 Some
1287 1692 1395 1730 work
1416 1693 1458 1730 of
1477 1694 1567 1732 love
1585 1695 1712 1733 begun
1718 1696 1728 1733 ,

1148 1733 1267 1774 Some
1280 1734 1377 1775 deed
1394 1736 1436 1775 of
1456 1736 1646 1777 kindness
1663 1737 1766 1778 done
1769 1739 1778 1778 ,

1147 1777 1268 1817 Some
1285 1778 1487 1819 wanderer
1503 1780 1646 1820 sought
1664 1782 1741 1821 and
1759 1782 1848 1822 won-

1191 1823 1425 1869 Something
1441 1822 1500 1866 for
1514 1821 1609 1866 thee
1610 1821 1621 1864 .

1641 1871 1673 1897 S.
1691 1871 1731 1897 D.
1755 1871 1876 1897 PHELPS
1879 1871 1886 1897 .

407 2083 489 2133 DE

340 2139 427 2179 Jesus
431 2139 436 2179 ,
448 2139 467 2179 I
479 2139 546 2179 will
557 2139 637 2179 trust
650 2139 717 2179 thee
723 2139 727 2179 ,
742 2139 835 2179 When
849 2139 943 2179 across
959 2139 1009 2179 my
1022 2139 1084 2179 soul
1090 2139 1095 2179 ,
1109 2139 1184 2179 Like
1197 2139 1214 2179 a
1223 2139 1332 2179 fearful
1342 2139 1467 2179 tempest
1471 2139 1475 2179 ,
1486 2139 1599 2179 Doubts
1609 2139 1667 2179 and
1677 2139 1751 2179 fears
1761 2139 1845 2179 shall
1849 2139 1912 2179 roll
1909 2139 1920 2179 .

1515 2400 1585 2420 Rit
1588 2400 1597 2420 .

1739 1951 1767 1981 J.
1782 1951 1823 1980 H.
1843 1950 1874 1979 F.

290 2580 390 2619 When
403 2580 458 2619 the
470 2580 599 2619 tempter
613 2580 728 2619 cometh
733 2580 737 2619 ,
751 2580 859 2619 Surely
872 2580 907 2619 he
922 2580 987 2619 will
1002 2580 1053 2619 flee
1091 2580 1186 2619 When
1201 2580 1217 2619 I
1231 2580 1312 2619 utter
1314 2580 1319 2619 ,
1331 2580 1346 2619 "
1353 2580 1389 2619 Je
1393 2580 1402 2619 -
1408 2580 1454 2619 sus
1458 2580 1462 2619 ,
1506 2580 1523 2619 I
1559 2580 1605 2619 am
1624 2580 1760 2619 trusting
1772 2580 1844 2619 thee
1850 2580 1860 2619 !
1868 2580 1884 2619 "

1635 2617 1708 2683 5
1707 2617 1751 2682 .

744 2665 844 2780 E

1837 2685 1919 2783 1

1568 2700 1686 2779 12
