3776 2643
365 196 459 245 92

1419 195 1588 264 The
1648 195 1862 264 Song
1924 195 2004 264 of
2058 195 2201 264 the
2268 195 2417 264 Old
2481 195 2647 264 Bell
2650 195 2667 264 .

2587 366 2729 482 FJ
2695 367 2742 481 .

551 423 610 478 4

1220 426 1313 504 f

561 540 603 591 1.
631 540 656 591 I
708 540 788 591 was
808 540 921 591 hung
941 540 981 591 in
1007 540 1074 591 my
1087 540 1201 591 place
1215 540 1329 591 when
1346 540 1412 591 the
1433 540 1578 591 village
1594 540 1671 591 was
1687 540 1821 591 young
1838 540 1930 591 And
1947 540 2016 591 the
2037 540 2178 591 houses
2197 540 2300 591 were
2319 540 2513 591 scattered
2534 540 2613 591 and
2649 540 2725 591 few
2728 540 2739 591 ,

1083 619 1114 725 मे

500 259 539 286 F.
549 259 585 286 S.
595 259 630 286 A.

556 311 669 342 With
690 311 838 342 steady
861 311 1108 342 movement
1112 311 1124 342 .

493 1982 545 2031 -b

850 405 891 431 -0-

558 815 601 867 2.
630 814 800 868 Sextons
819 815 899 868 five
913 816 1001 868 who
1014 816 1116 868 have
1131 817 1267 870 served
1284 817 1377 869 here
1393 818 1495 870 have
1509 818 1608 870 aged
1621 818 1698 871 and
1713 819 1802 871 died
1818 819 1912 871 And
1929 820 1995 872 the
2017 820 2122 872 sixth
2137 820 2223 873 now
2238 821 2268 873 is
2303 820 2473 874 tugging
2508 822 2552 874 at
2639 839 2703 867 me
2706 839 2716 867 ,

552 909 612 963 4

2635 910 2729 996 J.

1219 974 1299 1050 £
1262 974 1311 1050 .

1430 945 1505 1029 A

559 1087 599 1139 3.
629 1087 682 1139 So
723 1087 746 1139 I
767 1087 897 1139 watch
917 1087 1017 1139 from
1040 1087 1106 1139 my
1123 1087 1245 1139 tower
1263 1087 1305 1139 as
1321 1087 1389 1139 the
1410 1087 1556 1139 pagent
1571 1087 1702 1139 moves
1725 1087 1775 1139 by
1800 1087 1912 1139 With
1934 1087 1984 1139 its
2000 1087 2088 1139 joys
2108 1087 2186 1139 and
2208 1087 2258 1139 its
2299 1087 2462 1139 sorrows
2502 1087 2582 1139 and
2619 1087 2721 1139 fears
2726 1087 2735 1139 ,
2793 1087 2888 1139 And
2917 1087 2969 1139 its
3009 1087 3067 1139 all

387 1182 775 1305 9414

636 1619 664 1672 a
669 1619 688 1672 -
699 1619 767 1672 ges
787 1619 874 1672 I've
893 1619 1033 1672 swung
1039 1619 1045 1672 ,
1070 1619 1153 1672 Yet
1174 1619 1239 1672 my
1261 1619 1358 1672 song
1393 1619 1427 1672 is
1467 1619 1536 1672 the
1558 1619 1666 1672 same
1689 1619 1729 1672 as
1751 1619 1866 1672 when
1884 1619 1969 1672 new
1971 1619 1980 1672 .

1510 1775 1641 1862 A

633 1907 790 1945 hustled
820 1912 846 1946 a
923 1908 1008 1957 side
1046 1908 1219 1957 Making
1257 1908 1363 1957 room
1390 1908 1451 1957 for
1492 1908 1515 1957 a
1550 1908 1731 1957 younger
1750 1908 1847 1957 than
1890 1908 1941 1957 he
1943 1908 1952 1957 .

380 2280 709 2382 9:24

877 1931 887 1936 1

634 2185 692 2234 sol
704 2185 719 2234 -
732 2185 775 2234 i-
789 2186 885 2236 tude
907 2186 1004 2237 high
1012 2187 1020 2236 ,
1064 2187 1111 2237 If
1146 2188 1214 2237 the
1253 2188 1372 2239 world
1396 2190 1428 2239 is
1475 2190 1514 2239 in
1540 2190 1630 2241 glad
1648 2191 1660 2240 -
1673 2191 1763 2242 ness
1780 2192 1826 2241 or

1197 2271 1307 2396 1

1383 2304 1544 2412 ff

1849 1996 1965 2121 Fo
1956 2001 1991 2122 .

1881 2197 1989 2229 tears
1992 2197 2001 2229 .

1879 2299 1981 2380 J

2077 1395 2283 1420 CHORUS
2287 1395 2299 1420 .

2070 1620 2167 1661 And
2205 1627 2248 1665 so

2066 1907 2162 1946 And
2200 1912 2242 1948 so

2044 2005 2131 2136 F

2073 2190 2171 2231 And
2209 2196 2253 2234 so

2319 1624 2347 1658 I

2311 1906 2338 1943 I

2313 2191 2341 2227 I

2889 362 3066 497 #

2817 535 2869 588 In
2903 535 2975 589 the
3015 537 3084 590 old
3128 538 3197 591 din
3214 539 3229 591 -
3242 539 3295 593 gy
3336 540 3434 594 bel-
3451 542 3517 595 fry
3551 543 3615 597 for

2799 824 2883 860 But
2903 824 2995 860 he'll
3013 824 3104 860 soon
3150 824 3197 860 be
3243 824 3284 860 so
3307 824 3413 860 worn
3434 824 3525 860 he'll
3545 824 3595 860 be

2906 925 2998 1027 $

3447 266 3487 291 G.
3502 266 3539 291 F.
3551 266 3591 291 R.

3126 1098 3200 1128 one
3240 1097 3280 1126 to
3319 1096 3384 1125 me

2425 1621 2509 1675 sing
2528 1620 2639 1674 Ding
2645 1621 2652 1673 ,
2669 1619 2776 1673 dong
2779 1620 2788 1672 ,
2805 1619 2910 1672 dong
2916 1619 2924 1671 ,
2940 1618 3038 1671 ding
3043 1618 3052 1670 ,
3069 1618 3130 1670 Or

3462 967 3555 1060 f
3471 966 3545 1059 .

3448 1090 3494 1128 in
3533 1099 3609 1141 my

3444 1448 3559 1531 7

3194 1625 3238 1662 ut
3250 1625 3267 1661 -
3281 1623 3343 1661 ter
3386 1624 3410 1660 a
3458 1620 3607 1659 solemn

2425 1906 2512 1961 sing
2531 1905 2642 1960 Ding
2646 1906 2654 1959 ,
2669 1905 2776 1959 dong
2780 1905 2787 1958 ,
2807 1904 2913 1959 dong
2919 1904 2927 1957 ,
2945 1903 3042 1957 ding
3047 1903 3053 1956 ,
3073 1903 3132 1956 Or
3190 1902 3265 1956 ut-
3278 1902 3338 1955 ter
3384 1901 3408 1954 a
3457 1899 3607 1954 solemn

2429 2191 2516 2246 sing
2534 2190 2646 2245 Ding
2650 2191 2658 2244 ,
2674 2189 2781 2244 dong
2785 2190 2792 2243 ,
2811 2188 2915 2243 dong
2923 2189 2930 2242 ,
2947 2187 3043 2242 ding
3048 2188 3054 2241 ,
3075 2188 3135 2241 Or
3192 2186 3266 2240 ut-
3278 2186 3338 2240 ter
3383 2186 3407 2239 a
3456 2184 3606 2239 solemn
