2231 3357
359 315 431 340 Miss
452 315 558 340 ELLEN
579 315 617 340 H.
632 315 749 340 WILLIS
752 315 759 340 .

409 399 446 436 6

410 449 444 479 ő

307 724 449 797 9:46

407 781 445 817 8

309 1830 372 1887 9

685 227 710 280 I
741 227 885 280 LEFT
916 227 974 280 IT
1006 227 1117 280 ALL
1145 227 1304 280 WITH
1336 227 1505 280 JESUS
1511 227 1526 280 .
1543 227 1618 280 HO

819 386 909 505 T

402 553 437 581 1.
456 553 479 581 I
537 551 604 592 left
649 551 680 592 it
719 551 772 592 all
786 551 871 592 with
896 551 938 592 Je
948 551 961 592 -
973 551 1029 592 sus
1033 551 1038 592 ,
1068 551 1166 592 Long
1201 551 1219 592 a
1228 551 1240 592 -
1251 551 1293 592 go
1304 551 1311 592 ;
1353 551 1415 592 All
1446 551 1505 592 my
1523 551 1593 592 sins
1621 551 1637 592 I
1656 551 1812 592 brought
1822 551 1910 592 Him
1912 551 1923 592 ,

402 608 436 647 2.
459 608 479 647 I
517 608 619 647 leave
650 608 680 647 it
719 608 767 647 all
786 608 870 647 with
893 608 936 647 Je
949 608 961 647 -
972 608 1028 647 sus
1032 608 1038 647 ,
1067 608 1133 647 For
1150 608 1203 647 He
1216 608 1334 647 knows
1354 608 1444 647 How
1465 608 1498 647 to
1518 608 1605 647 steal
1623 608 1681 647 the
1714 608 1766 647 bit
1778 608 1792 647 -
1803 608 1857 647 ter

1453 960 1583 1052 45

1694 949 1839 1062 7

404 1103 487 1147 And
516 1103 575 1147 my
593 1103 666 1147 woe
674 1103 684 1147 ;
709 1103 823 1147 When
838 1103 880 1147 by
896 1103 988 1147 faith
1007 1103 1024 1147 I
1048 1103 1117 1147 saw
1139 1103 1226 1147 Him
1265 1103 1320 1147 On
1344 1103 1405 1147 the
1420 1103 1489 1147 tree
1494 1103 1500 1147 ,
1514 1103 1635 1147 Heard
1647 1103 1713 1147 His
1721 1103 1828 1147 small
1829 1103 1838 1147 ,
1845 1103 1925 1147 still

368 1158 475 1200 From
487 1158 576 1200 life's
588 1158 676 1200 woes
684 1158 692 1200 ;
712 1158 801 1200 How
828 1158 860 1200 to
885 1158 960 1200 gild
979 1158 1037 1200 the
1057 1158 1130 1200 tear
1134 1158 1145 1200 -
1147 1158 1233 1200 drop
1256 1158 1354 1200 With
1369 1158 1435 1200 His
1448 1158 1547 1200 smile
1553 1158 1560 1200 ,
1575 1158 1683 1200 Make
1695 1158 1754 1200 the
1770 1158 1883 1200 desert

494 1745 505 1750 -

404 1664 603 1708 whisper
604 1665 613 1707 ,
644 1666 658 1708 '
658 1666 717 1708 Tis
773 1666 825 1708 for
850 1666 928 1709 thee
940 1667 947 1709 ;
975 1667 1080 1709 From
1104 1667 1160 1710 my
1188 1668 1289 1710 heart
1308 1668 1366 1711 the
1391 1668 1559 1712 burden
1585 1670 1708 1713 Rolled
1733 1670 1754 1712 a
1763 1670 1778 1712 -
1787 1670 1863 1713 way-

535 1725 606 1766 den
648 1725 772 1766 Bloom
793 1725 813 1766 a
816 1725 828 1766 -
829 1725 935 1766 while
947 1725 954 1766 ;
975 1725 1088 1766 When
1109 1725 1167 1766 my
1187 1725 1364 1766 weakness
1389 1725 1467 1766 lean
1478 1725 1490 1766 -
1501 1725 1559 1766 eth
1605 1725 1661 1766 On
1688 1725 1755 1766 His
1775 1725 1890 1766 might
1892 1725 1899 1766 ,

772 2010 862 2033 Cres
867 2011 875 2032 .

1715 313 1840 341 English
1845 313 1854 341 .

381 2577 402 2610 3
427 2577 445 2610 I
461 2577 563 2610 leave
578 2577 607 2610 it
626 2577 675 2611 all
693 2578 777 2611 with
797 2578 900 2611 Jesus

472 2625 553 2662 Day
570 2625 615 2662 by
634 2625 706 2662 day
713 2625 725 2662 ;

429 2668 536 2707 Faith
553 2668 620 2707 can
637 2668 757 2707 firmly
772 2668 867 2707 trust
882 2668 971 2707 Him

473 2707 580 2744 Come
596 2710 690 2747 what
707 2713 790 2749 may
802 2715 812 2749 ;

428 2756 531 2797 Hope
548 2756 612 2797 has
630 2756 787 2797 dropped
806 2756 869 2797 her
887 2756 1019 2797 anchor
1021 2756 1029 2797 ,

472 2797 599 2831 Found
615 2800 679 2832 her
695 2801 766 2834 rest
767 2802 775 2833 ,

426 2845 472 2881 In
488 2845 546 2881 the
564 2845 655 2881 calm
662 2845 670 2881 ,
685 2845 766 2881 sure
781 2845 898 2881 haven

472 2890 520 2922 Of
535 2890 602 2923 His
618 2891 736 2924 breast
744 2892 754 2924 ;

1861 229 1919 273 99

1542 2007 1609 2028 Rit
1612 2007 1622 2027 .

1669 2042 1773 2147 N

409 2189 580 2234 Happy
600 2189 669 2234 day
681 2189 693 2234 !
716 2189 821 2234 From
841 2189 900 2234 my
918 2189 1020 2234 heart
1037 2189 1096 2234 the
1114 2189 1249 2234 burden
1269 2189 1397 2234 Rolled
1417 2189 1436 2234 a
1439 2189 1451 2234 -
1453 2189 1527 2234 way
1533 2189 1567 2234 -
1579 2189 1713 2234 Happy
1765 2189 1835 2234 day
1848 2189 1859 2234 !

406 2244 472 2289 All
483 2244 593 2289 seems
604 2244 699 2289 light
702 2244 709 2289 .
718 2244 831 2289 When
848 2244 906 2289 my
919 2244 1095 2289 weakness
1111 2244 1252 2289 leaneth
1271 2244 1326 2289 On
1352 2244 1419 2289 His
1434 2244 1550 2289 might
1554 2244 1558 2289 ,
1579 2244 1641 2289 All
1657 2244 1764 2289 seems
1781 2244 1875 2289 light
1879 2244 1887 2289 .

309 2374 371 2434 9
358 2374 399 2434 :

401 2935 411 2968 :
428 2934 521 2967 Love
538 2932 681 2967 esteems
699 2933 728 2966 it
746 2931 880 2966 heaven

429 2974 477 3009 To
496 2974 600 3008 abide
602 2974 633 3008 -
647 2974 695 3008 At
715 2973 778 3007 His
796 2973 868 3007 side
871 2973 877 3007 .
891 2973 899 3007 :

1173 2575 1195 2614 4
1216 2574 1270 2613 Oh
1275 2574 1282 2613 ,
1300 2574 1400 2613 leave
1417 2574 1446 2613 it
1461 2573 1507 2612 all
1524 2573 1607 2612 with
1626 2572 1729 2612 Jesus
1731 2572 1738 2611 ,

1263 2620 1446 2663 Drooping
1463 2619 1542 2659 soul
1552 2618 1563 2657 !

1219 2661 1297 2699 Tell
1315 2662 1372 2699 not
1391 2663 1462 2700 half
1471 2663 1533 2700 thy
1549 2664 1643 2702 story
1646 2665 1656 2701 ,

1264 2707 1333 2742 But
1350 2706 1410 2741 the
1428 2706 1540 2740 whole
1543 2706 1553 2739 .

1219 2748 1362 2788 Worlds
1378 2748 1423 2788 on
1441 2748 1567 2788 worlds
1588 2748 1645 2788 are
1661 2748 1819 2788 hanging

1263 2795 1316 2830 On
1335 2795 1402 2831 His
1420 2796 1517 2832 hand
1519 2798 1528 2832 ,

1219 2838 1299 2878 Life
1315 2838 1385 2878 and
1403 2838 1509 2878 death
1528 2838 1586 2878 are
1601 2838 1750 2878 waiting

1264 2881 1331 2917 His
1349 2882 1534 2919 command
1546 2885 1556 2919 ;

1187 2932 1197 2965 :
1216 2930 1284 2965 Yet
1303 2929 1369 2964 His
1389 2928 1509 2963 tender
1525 2926 1641 2961 bosom

1218 2976 1343 3015 Makes
1359 2975 1425 3013 thee
1440 2974 1535 3012 room
1541 2974 1574 3011 -
1584 2972 1638 3010 Oh
1644 2973 1650 3010 ,
1667 2971 1762 3010 come
1776 2970 1881 3009 home
1881 2970 1908 3007 .:
