3032 2308
313 202 435 250 134

974 199 1103 267 The
1137 198 1326 266 Fairy
1363 196 1702 265 Crowning
1712 196 1724 262 .
1797 194 2149 262 Continued
2158 194 2171 260 .

410 296 425 330 (
426 296 531 330 Enter
545 296 598 330 six
615 296 744 330 Fairies
749 296 754 330 ,
769 296 866 330 three
879 296 914 330 at
932 296 1025 330 right
1044 296 1113 330 and
1133 296 1229 330 three
1249 296 1283 330 at
1302 296 1362 330 left
1367 296 1373 330 .
1410 296 1578 330 Running
1597 296 1722 330 lightly
1737 296 1774 330 in
1780 296 1786 330 ,
1803 296 1886 330 they
1900 296 1986 330 form
2004 296 2021 330 a
2035 296 2122 330 semi
2127 296 2137 330 -
2140 296 2241 330 circle
2256 296 2369 330 facing
2383 296 2496 330 before
2510 296 2570 330 the
2586 296 2711 330 throne
2724 296 2761 330 in
2774 296 2838 330 the

354 331 470 363 center
474 331 482 363 .
518 331 610 363 They
623 331 734 363 salute
751 331 812 363 the
832 331 950 363 Queen
967 331 1003 363 as
1022 331 1106 363 they
1121 331 1216 363 enter
1237 331 1279 363 by
1295 331 1434 363 bowing
1448 331 1531 363 very
1546 331 1611 363 low
1617 331 1625 363 .
1660 331 1743 363 Play
1760 331 1834 363 first
1851 331 1960 363 strain
1975 331 2013 363 of
2023 331 2041 363 "
2050 331 2293 363 Introduction
2307 331 2324 363 "
2338 331 2374 363 as
2392 331 2453 363 the
2472 331 2601 363 Fairies
2621 331 2718 363 enter
2721 331 2728 363 .
2764 331 2836 363 The

354 361 485 397 Fairies
498 361 623 397 should
638 361 712 397 step
725 361 801 397 four
814 361 916 397 times
929 361 978 397 for
989 361 1072 397 each
1087 361 1245 397 measure
1249 361 1255 397 ,
1269 361 1338 397 and
1352 361 1434 397 thus
1448 361 1537 397 keep
1551 361 1651 397 exact
1664 361 1750 397 time
1755 361 1762 397 .
1764 361 1776 397 )

593 420 809 447 Moderato
815 422 826 447 .

353 448 511 550 Le

325 697 534 853 2:58

338 1286 424 1359 9
388 1286 443 1358 :

467 532 529 587 8

344 1852 431 1946 2

469 719 522 769 6
556 720 601 770 a

446 949 610 982 QUEEN
613 949 624 982 .
658 949 674 982 (
675 949 853 982 Addressing
865 949 911 982 the
922 949 1040 982 extreme
1048 949 1128 982 right
1128 949 1135 982 .
1138 949 1150 982 )

1404 1032 1564 1141 HA

517 1192 579 1231 My
621 1192 707 1231 dear
738 1192 880 1231 little
913 1192 974 1231 fay
1052 1187 1186 1229 Where
1199 1189 1291 1230 were
1307 1190 1378 1231 you
1411 1192 1448 1231 to
1467 1192 1482 1231 -
1496 1192 1566 1233 day
1571 1194 1588 1233 ?

525 1317 560 1353 7

1692 1033 1860 1143 H

1914 1039 2014 1124 F

1668 1191 1753 1231 And
1769 1191 1867 1232 what
1882 1192 1976 1232 have
1991 1192 2061 1232 you
2080 1193 2171 1233 done

2264 1191 2337 1224 and

701 1595 862 1712 47

1565 1603 1753 1720 M

518 1756 584 1797 one
624 1756 756 1797 little
786 1756 898 1797 sprite
903 1756 909 1797 ,
930 1756 1032 1797 Shall
1051 1756 1213 1797 crowned
1227 1756 1269 1797 be
1301 1756 1336 1797 to
1340 1756 1353 1797 -
1354 1756 1460 1797 night
1522 1756 1624 1797 With
1641 1756 1716 1797 this
1769 1758 1961 1796 myrtle
1986 1758 2118 1796 wreath
2144 1758 2225 1796 pret
2247 1758 2263 1796 -
2283 1758 2322 1796 ty

2405 1203 2485 1230 seen
2494 1205 2505 1230 ;

2432 1276 2681 1456 14

2397 1758 2468 1789 and

2669 1193 2774 1223 Some

2535 1769 2640 1798 green
2644 1770 2651 1797 .
