2484 3389
389 252 404 286 (
407 250 496 286 1204
498 250 507 284 ,
529 248 631 284 1205.
634 248 651 282 )

443 319 661 357 NUNDA
665 319 677 355 ,
739 319 773 355 L
778 318 788 354 ,
815 318 881 354 M.
904 317 941 354 D.

434 575 455 598 1

469 412 509 447 3

470 456 512 494 4

358 3130 421 3156 440

1174 242 1336 275 DEATH
1344 242 1352 271 .

502 553 580 580 How
598 552 670 579 vain
689 553 716 578 is
753 552 796 578 all
849 549 887 582 be
889 549 901 582 -
903 549 997 582 neath
1008 549 1062 582 the
1076 549 1156 582 skies
1172 549 1180 582 !
1193 549 1273 582 How
1286 549 1440 582 transient
1455 549 1582 582 every

502 587 581 613 How
600 586 726 612 slender
752 586 796 610 all
839 584 890 609 the
907 584 981 608 fond
986 584 995 608 -
1000 584 1046 608 est
1073 583 1130 608 ties

1724 860 1773 988 회
1769 858 1880 987 ...

456 1009 546 1040 cloud
551 1009 557 1040 ,
571 1009 623 1040 the
638 1009 783 1040 morning
797 1009 864 1040 dew
870 1009 894 1040 ,:

450 1040 539 1078 grass
544 1040 551 1078 ,
564 1040 615 1078 the
641 1040 747 1078 fading
759 1040 866 1078 flower
871 1040 892 1078 ,:
915 1040 956 1078 Of
968 1040 1083 1078 earthly
1098 1040 1193 1078 hopes
1209 1040 1261 1078 are
1277 1040 1427 1078 emblems
1442 1040 1511 1078 true
1513 1040 1522 1078 ,
1524 1040 1625 1078 -The
1636 1040 1725 1078 glory
1769 1042 1805 1064 of
1866 1050 1887 1066 a

1243 1123 1320 1265 A

1620 549 1705 582 earth
1708 549 1719 582 -
1720 549 1750 582 ly
1798 549 1873 582 bliss
1886 549 1894 582 !
1929 549 1958 582 2.
1973 549 2036 582 The
2053 549 2183 582 evening-

1192 581 1271 607 That
1284 582 1357 608 bind
1376 584 1413 608 us
1451 589 1483 607 to
1546 581 1569 610 a
1603 580 1702 611 world
1714 582 1774 611 like
1799 583 1858 612 this
1870 583 1877 612 !

1952 584 2019 614 The
2035 584 2197 615 withering

963 1159 1180 1275 F

327 1305 475 1350 1204
591 1324 712 1359 Heaven
724 1324 807 1359 alone
818 1324 969 1359 unfading
968 1324 980 1359 .

376 1374 477 1411 How
497 1374 585 1411 vain
603 1374 633 1411 is
657 1374 708 1411 all
728 1374 893 1411 beneath
913 1374 979 1411 the
999 1374 1095 1411 skies
1102 1374 1114 1411 !

429 1428 529 1474 How
550 1428 736 1474 transient
758 1428 869 1474 every
892 1428 1040 1474 earthly
1063 1428 1150 1474 bliss
1158 1428 1170 1474 !

377 1481 476 1516 How
498 1481 643 1516 slender
666 1481 715 1516 all
736 1481 799 1516 the
821 1481 973 1516 fondest
992 1481 1062 1516 ties

427 1533 531 1569 That
546 1533 639 1569 bind
658 1533 700 1569 us
720 1533 758 1569 to
783 1533 803 1569 a
827 1533 942 1569 world
962 1533 1035 1569 like
1050 1533 1123 1569 this
1131 1533 1143 1569 !

321 1587 344 1633 2
374 1587 456 1633 The
473 1587 632 1633 evening
632 1587 647 1633 -
644 1587 756 1633 cloud
763 1587 769 1633 ,
793 1587 855 1633 the
878 1587 1048 1633 morning
1050 1587 1064 1633 -
1066 1587 1144 1633 dew
1149 1587 1157 1633 ,

427 1641 507 1689 The
527 1640 725 1688 withering
743 1640 851 1687 grass
857 1640 863 1687 ,
883 1639 947 1686 the
959 1638 1088 1686 fading
1111 1637 1235 1685 flower
1237 1638 1245 1685 ,

375 1695 434 1741 Of
447 1695 594 1741 earthly
613 1695 729 1741 hopes
752 1695 815 1741 are
837 1695 1016 1741 emblems
1036 1695 1120 1741 true
1121 1695 1132 1741 ,-

426 1748 509 1793 The
527 1748 637 1793 glory
655 1748 699 1793 of
714 1748 737 1793 a
755 1748 910 1793 passing
929 1748 1026 1793 hour
1028 1748 1039 1793 .

394 2620 514 2664 bb2

1125 1301 1201 1318 FORD
1207 1301 1212 1317 .

428 1970 585 2017 Beyond
606 1970 669 2016 the
689 1969 801 2015 reach
823 1970 863 2015 of
879 1969 966 2014 care
985 1969 1059 2014 and
1076 1968 1166 2014 pain
1171 1968 1180 2013 .

322 2024 347 2071 4
377 2024 481 2072 Then
500 2025 555 2072 let
574 2025 640 2072 the
660 2025 757 2074 hope
778 2026 819 2073 of
832 2026 914 2074 joys
936 2027 979 2074 to
996 2027 1101 2076 come

427 2076 562 2124 Dispel
578 2075 649 2122 our
667 2074 773 2121 cares
778 2074 786 2119 ,
807 2073 883 2119 and
904 2072 1016 2118 chase
1035 2070 1103 2117 our
1122 2069 1222 2116 fears
1229 2069 1240 2114 :

374 2130 419 2175 If
434 2130 520 2175 God
542 2130 588 2175 be
610 2130 695 2175 ours
701 2130 708 2175 ,
732 2130 845 2175 we're
868 2130 1055 2175 traveling
1075 2130 1184 2175 home
1188 2130 1199 2175 ,

429 2185 591 2234 Though
603 2184 758 2233 passing
773 2183 938 2231 through
955 2183 976 2230 a
994 2181 1077 2229 vale
1087 2182 1129 2229 of
1138 2180 1239 2229 tears
1243 2181 1251 2228 .

440 2266 745 2302 MERIBAH
748 2266 758 2302 .
822 2265 871 2299 C.
900 2265 945 2299 P.
975 2265 1037 2299 M.

827 2761 868 2786 --0-

321 1806 347 1856 3
376 1806 456 1856 But
459 1806 469 1856 ,
487 1806 636 1856 though
657 1806 795 1856 earth's
817 1806 948 1856 fairest
975 1806 1154 1856 blossoms
1178 1806 1236 1856 die
1240 1806 1247 1856 ,
1268 1806 1290 1856 3
1319 1806 1370 1856 So
1390 1806 1501 1856 Jesus
1522 1806 1616 1856 slept
1626 1806 1635 1856 ;
1669 1806 1785 1856 God's
1809 1806 1923 1856 dying
1947 1806 2026 1856 Son

430 1864 523 1905 And
542 1864 596 1905 all
612 1864 776 1905 beneath
799 1864 863 1905 the
886 1864 983 1905 skies
1003 1864 1034 1905 is
1052 1864 1140 1905 vain
1143 1864 1153 1905 ,

376 1918 495 1955 There
515 1919 544 1954 is
565 1919 585 1954 a
606 1918 694 1954 land
718 1917 840 1953 whose
862 1916 1024 1953 confines
1042 1917 1090 1952 lie

471 2358 509 2394 3

471 2403 511 2436 2

447 2476 476 2509 1.
493 2476 596 2509 When
615 2476 689 2509 thou
694 2476 699 2509 ,
715 2476 766 2509 my
779 2476 934 2509 righteous
949 2476 1045 2509 Judge
1049 2476 1054 2509 ,
1068 2476 1149 2509 shalt
1162 2476 1252 2509 come

1710 329 1809 363 204

1930 1042 2003 1075 pass
2004 1043 2016 1073 -
2015 1041 2070 1073 ing
2079 1039 2161 1071 hour
2160 1039 2173 1069 .

1312 2590 1350 2614 2

1419 2736 1537 2809 18

493 2858 511 2879 I
560 2855 579 2888 a
579 2854 589 2887 -
592 2853 687 2887 mong
698 2853 780 2887 them
802 2853 891 2886 stand
903 2853 917 2886 ?
955 2852 1040 2885 Shall
1049 2852 1125 2885 such
1139 2851 1155 2884 a
1172 2850 1335 2885 worthless
1350 2849 1447 2883 worm
1462 2850 1495 2883 as
1509 2849 1525 2882 I
1526 2849 1534 2882 ,
1553 2849 1564 2882 :

954 2887 1034 2914 Who
1049 2887 1228 2914 sometimes
1243 2887 1292 2914 am
1307 2887 1324 2914 a
1327 2887 1337 2914 -
1339 2887 1417 2914 fraid
1430 2887 1459 2914 to
1486 2887 1536 2914 die
1539 2887 1546 2914 ,
1555 2887 1563 2914 :

1417 2922 1459 2957 2
1485 2916 1531 2952 s

1270 1303 1414 1350 1205

1575 1325 1685 1354 Burial
1694 1325 1729 1354 of
1738 1325 1883 1354 Believers
1883 1325 1893 1354 .

1319 1370 1477 1417 UNVAIL
1495 1371 1563 1416 thy
1584 1369 1712 1415 bosom
1720 1370 1726 1415 ,
1752 1368 1902 1415 faithful
1924 1369 2031 1414 tomb
2040 1369 2050 1414 !

1371 1422 1477 1467 Take
1495 1422 1569 1467 this
1589 1423 1670 1467 new
1693 1423 1863 1469 treasure
1884 1424 1924 1468 to
1945 1425 2015 1469 thy
2033 1425 2133 1471 trust
2137 1426 2146 1470 ,

1320 1479 1414 1525 And
1430 1479 1520 1525 give
1536 1479 1645 1525 these
1663 1479 1795 1525 sacred
1817 1479 1924 1525 relics
1943 1479 2047 1525 room

1266 1586 1288 1632 2

1371 1532 1427 1567 To
1446 1532 1534 1567 seek
1555 1532 1575 1567 a
1596 1532 1762 1567 slumber
1783 1532 1820 1567 in
1844 1532 1908 1567 the
1929 1532 2015 1567 dust
2018 1532 2027 1567 .

1321 1586 1402 1632 Nor
1421 1586 1510 1632 pain
1513 1586 1520 1632 ,
1543 1586 1611 1632 nor
1631 1586 1729 1632 grief
1729 1586 1736 1632 ,
1762 1586 1829 1632 nor
1852 1586 2009 1632 anxious
2027 1586 2107 1632 fear
2110 1586 2120 1632 ,

1373 1639 1519 1685 Invade
1539 1639 1608 1685 thy
1629 1639 1775 1685 bounds
1785 1639 1796 1685 ;
1798 1639 1900 1685 -no
1921 1639 2059 1685 mortal
2078 1639 2175 1685 woes

1321 1687 1403 1734 Can
1420 1687 1534 1735 reach
1552 1688 1618 1735 the
1636 1688 1808 1736 peaceful
1830 1689 1973 1737 sleeper
1991 1690 2080 1737 here
2083 1690 2092 1737 ,

1374 1739 1499 1787 While
1520 1740 1652 1788 angels
1673 1741 1798 1789 watch
1822 1742 1885 1788 the
1908 1743 1982 1789 soft
2002 1743 2134 1790 repose
2136 1744 2146 1790 .

2084 1806 2104 1856 [
2105 1806 2178 1856 bed
2184 1806 2198 1856 !

1373 1860 1516 1909 Passed
1521 1859 1688 1908 through
1696 1859 1758 1906 the
1770 1857 1886 1906 grave
1898 1856 1971 1904 and
1980 1855 2125 1904 blessed
2130 1854 2196 1903 the

1321 1915 1419 1958 Rest
1422 1915 1512 1958 here
1514 1915 1523 1958 ,
1530 1915 1629 1958 blest
1633 1915 1732 1958 saint
1743 1915 1753 1958 !
1757 1915 1869 1958 -till
1872 1915 1878 1958 ,
1887 1915 1981 1958 from
1990 1915 2045 1958 his
2051 1915 2186 1958 throne
2188 1915 2197 1958 ,

1373 1968 1451 2019 The
1460 1966 1630 2018 morning
1642 1965 1759 2016 break
1764 1966 1770 2015 ,
1780 1964 1855 2015 and
1860 1963 1983 2014 pierce
1995 1962 2061 2012 the
2068 1961 2185 2012 shade
2187 1962 2196 2011 .

1266 2020 1290 2062 4
1320 2020 1449 2062 Break
1467 2020 1561 2062 from
1585 2020 1638 2062 his
1660 2020 1794 2062 throne
1799 2020 1805 2062 ,
1829 2020 2032 2062 illustrious
2055 2020 2160 2062 morn
2168 2020 2180 2062 !

1376 2074 1527 2120 Attend
1531 2074 1538 2120 ,
1564 2074 1598 2120 O
1620 2074 1731 2120 earth
1738 2074 1746 2120 !
1779 2074 1833 2120 his
1857 2074 2052 2120 sovereign
2074 2074 2179 2120 word
2187 2074 2197 2120 ;

1322 2126 1484 2173 Restore
1503 2127 1571 2172 thy
1591 2126 1689 2171 trust
1699 2126 1711 2171 ;
1713 2126 1786 2171 -a
1807 2124 1971 2171 glorious
1989 2125 2085 2170 form

1376 2181 1485 2216 Shall
1504 2181 1594 2216 then
1616 2181 1711 2216 arise
1732 2181 1770 2216 to
1793 2181 1889 2216 meet
1910 2181 1977 2216 the
1999 2181 2102 2216 Lord
2106 2181 2114 2216 .

2101 1145 2222 1257 T

2044 1296 2150 1318 WATTS
2153 1297 2159 1317 .

1305 2473 1350 2506 To
1385 2473 1475 2506 bring
1497 2473 1549 2506 thy
1562 2473 1730 2506 ransomed
1743 2473 1882 2506 people
1932 2473 2024 2506 home
2027 2473 2033 2506 ,
2065 2473 2151 2506 Shall

1755 2740 1915 2825 17

2068 2795 2115 2830 -0-

1630 2884 1673 2918 Be
1692 2883 1788 2917 found
1802 2883 1833 2916 at
1861 2883 1912 2916 thy
1959 2881 2038 2915 right
2057 2880 2139 2914 hand
2147 2881 2165 2914 ?

2095 2973 2196 3061 4
