2115 3189
231 234 317 279 No.
340 233 414 278 50.
527 232 635 281 JOY
665 232 906 281 COMETH
937 232 1000 281 IN
1033 232 1151 281 THE
1186 232 1461 281 MORNING
1475 232 1490 281 !

306 340 324 372 "
333 340 483 372 Weeping
495 340 569 372 may
581 340 697 372 endure
709 340 756 372 for
768 340 785 372 a
799 340 887 372 night
893 340 898 372 ,
912 340 967 372 but
977 340 1031 372 joy
1045 340 1170 372 cometh
1184 340 1215 372 in
1230 340 1284 372 the
1296 340 1443 372 morning
1446 340 1455 372 .
1460 340 1474 372 "
1508 340 1612 372 Psalm
1623 340 1655 372 30
1665 340 1673 372 :
1688 340 1704 372 5
1706 340 1713 372 .

263 395 335 419 MRS
339 395 345 419 .
360 395 400 419 M.
414 395 455 419 M.
471 395 704 419 WEINLAND
707 395 714 419 .

1501 397 1536 420 E.
1547 397 1576 420 S.
1592 397 1753 422 LORENZ
1757 398 1764 421 .

367 484 405 520 4

218 941 353 1010 9b
328 938 388 1000 -
345 937 407 999 4

292 993 402 1031 2-64

221 1661 294 1717 9

1166 472 1452 578 THE

359 654 392 698 1.
418 654 471 698 Oh
476 654 483 698 ,
515 654 591 698 wea
598 654 613 698 -
626 654 668 698 ry
698 654 752 698 pil
755 654 769 698 -
769 654 857 698 grim
867 654 874 698 ,
889 654 950 698 lift
964 654 1057 698 your
1068 654 1158 698 head
1164 654 1170 698 ,
1185 654 1256 698 For
1267 654 1327 698 joy
1339 654 1477 698 cometh
1498 654 1534 698 in
1552 654 1612 698 the
1625 654 1791 698 morning
1800 654 1811 698 !

359 705 394 748 2.
419 705 472 748 Ye
518 705 571 748 fee
582 706 595 749 -
604 706 662 749 ble
672 706 785 750 saints
789 707 794 750 ,
806 706 948 751 dismiss
967 707 1058 751 your
1066 708 1159 751 fears
1165 708 1171 751 ,
1187 708 1255 752 For
1266 709 1325 752 joy
1341 709 1482 754 cometh
1501 710 1537 753 in
1557 710 1618 753 the
1627 710 1793 755 morning
1799 711 1809 754 !

360 766 391 793 3.
419 766 485 793 Let
529 765 678 809 ev'ry
694 765 771 809 tear
778 765 794 809 -
804 765 858 809 ful
894 765 957 809 eye
995 765 1037 809 be
1070 765 1135 809 dry
1137 765 1145 809 ,

358 816 393 859 4.
418 816 493 859 Our
510 816 588 860 God
608 817 682 860 will
703 817 791 861 wipe
807 818 873 861 our
888 818 979 861 tears
998 819 1018 862 a
1031 819 1043 862 -
1060 819 1135 862 way
1140 819 1147 862 ,

1185 765 1255 809 For
1265 765 1325 809 joy
1338 765 1479 809 cometh
1497 765 1535 809 in
1552 765 1614 809 the
1626 765 1793 809 morning
1800 765 1810 809 !

1182 820 1250 863 For
1264 820 1323 863 joy
1339 820 1477 865 cometh
1496 821 1533 864 in
1552 821 1613 865 the
1623 821 1790 866 morning
1801 823 1811 866 !

1576 931 1683 1058 12

287 1711 365 1749 -9-2

221 2180 379 2286 gibt

314 2206 344 2239 22

220 2745 356 2808 9h

292 2793 319 2826 -b-

421 1206 510 1291 J

701 1166 833 1270 #

408 1366 478 1408 For
497 1366 574 1408 God
607 1366 645 1408 in
681 1366 736 1408 his
769 1366 848 1408 own
861 1366 956 1408 word
970 1366 1033 1408 has
1046 1366 1122 1408 said
1137 1366 1230 1408 That
1241 1366 1300 1408 joy
1319 1366 1460 1408 cometh
1475 1366 1512 1408 in
1530 1366 1590 1408 the
1604 1366 1769 1408 morning
1770 1366 1780 1408 .

405 1421 492 1466 And
500 1420 661 1466 weeping
670 1419 854 1465 mourners
858 1420 863 1464 ,
876 1419 938 1464 dry
950 1419 1041 1463 your
1052 1419 1144 1463 tears
1149 1418 1155 1462 ,
1168 1418 1238 1462 For
1244 1418 1304 1462 joy
1322 1416 1464 1462 cometh
1476 1417 1512 1461 in
1530 1417 1590 1461 the
1604 1415 1768 1461 morning
1772 1416 1781 1460 .

405 1475 490 1518 And
507 1475 650 1518 ev'ry
667 1475 862 1518 trembling
876 1475 930 1518 sin
935 1475 946 1518 -
950 1475 1012 1518 ner
1029 1475 1121 1518 hope
1124 1475 1131 1518 ,
1148 1475 1214 1518 For
1245 1475 1304 1518 joy
1321 1475 1463 1518 cometh
1476 1475 1512 1518 in
1531 1475 1591 1518 the
1605 1475 1770 1518 morning
1772 1475 1781 1518 .

406 1532 473 1575 Sor
480 1532 497 1575 -
506 1532 576 1575 row
596 1532 666 1575 and
683 1532 761 1575 sigh
766 1532 778 1575 -
779 1532 841 1575 ing
859 1532 923 1575 flee
963 1532 984 1575 a
999 1532 1014 1575 -
1030 1532 1107 1575 way
1111 1532 1117 1575 ,
1142 1532 1211 1575 For
1240 1532 1301 1575 joy
1319 1532 1461 1575 cometh
1474 1532 1510 1575 in
1527 1532 1588 1575 the
1602 1532 1769 1575 morning
1769 1532 1779 1575 .

342 1865 539 1893 CHORUS
544 1865 556 1889 .

385 2059 458 2104 Joy
466 2059 608 2104 cometh
628 2059 664 2104 in
682 2059 743 2104 the
757 2059 924 2104 morning
935 2059 945 2104 !
967 2059 1041 2104 Joy
1054 2059 1197 2104 cometh
1210 2059 1246 2104 in
1261 2059 1321 2104 the
1334 2059 1500 2104 morning
1513 2059 1521 2104 !
1531 2059 1642 2104 Weeping
1656 2059 1738 2104 may
1748 2059 1793 2104 en-

559 2191 687 2300 4

402 2170 443 2198 -2
434 2170 460 2198 .

958 1902 1028 1984 2

534 2440 638 2530 E

361 2607 453 2652 dure
454 2607 463 2649 ,
486 2604 569 2648 may
600 2603 645 2646 en
647 2602 664 2644 -
661 2600 754 2645 dure
794 2597 854 2641 for

799 2414 942 2507 #

1250 1231 1290 1269 g

901 2610 924 2652 a
954 2608 1058 2652 night
1060 2609 1066 2651 ,
1087 2608 1160 2650 But
1188 2608 1248 2650 joy
1296 2606 1437 2650 cometh
1452 2606 1490 2648 in
1509 2606 1570 2648 the
1586 2604 1752 2648 morning
1754 2604 1762 2646 .

1210 2768 1241 2792 a
1232 2768 1255 2792 .

1306 2416 1447 2524 #

770 2867 862 2895 From
881 2867 898 2895 "
910 2867 994 2895 Holy
1013 2867 1123 2895 Voices
1135 2867 1147 2895 "
1168 2867 1206 2895 by
1224 2867 1279 2895 per
1280 2867 1289 2895 .

997 2921 1060 2953 53

1568 2731 1656 2841 1
