1497 2347
182 139 208 172 6
209 139 222 172 .

279 154 415 182 AHOYROH

272 200 294 223 3

262 429 291 456 4

325 867 350 898 6

327 954 360 980 4

598 156 780 184 ANVERN
785 157 793 183 ,
809 157 847 184 L.
861 158 907 184 M.

509 253 608 326 FR

648 867 864 895 SELECTIONS

381 1063 511 1148 AM

378 1156 398 1198 I
414 1154 502 1197 once
519 1152 589 1195 was
604 1151 677 1194 lost
680 1151 686 1193 ,
706 1149 770 1192 but
785 1148 863 1191 now
876 1146 932 1189 am
949 1144 1062 1189 found
1066 1144 1076 1186 ,

421 1199 503 1240 Was
520 1197 619 1239 blind
624 1197 630 1237 ,
651 1195 714 1237 but
729 1194 806 1236 now
825 1195 844 1235 I
861 1193 919 1234 see
922 1193 931 1233 .

1086 945 1125 968 C.
1145 945 1189 968 M.

511 951 574 984 Pres
578 952 583 983 .
598 950 647 982 163
655 951 662 982 ;
680 949 758 982 Meth
763 949 767 980 .
784 947 831 980 654
842 948 848 979 ;
863 946 918 979 Bap
922 947 926 978 .
941 945 991 978 543
993 946 1000 977 .

395 1006 540 1042 Arlington
544 1007 552 1039 ,
564 1005 606 1038 50
617 1005 628 1037 ;
645 1002 796 1037 Ortonville
800 1002 807 1034 ,
821 1000 863 1034 86
878 1001 887 1033 ;
915 998 1047 1033 Balerma
1050 998 1058 1030 ,
1070 996 1111 1029 55
1114 997 1122 1029 .

462 1060 655 1108 MAZING
665 1059 767 1105 grace
773 1059 781 1103 !
791 1058 869 1103 how
879 1056 985 1102 sweet
991 1055 1051 1101 the
1060 1053 1173 1100 sound
1178 1054 1187 1098 ,

506 1109 597 1143 That
613 1107 720 1141 saved
738 1107 756 1139 a
776 1104 902 1139 wretch
919 1103 991 1137 like
1009 1102 1063 1135 me
1077 1102 1086 1134 !

1106 663 1210 771 2

332 1281 356 1324 2
376 1280 390 1323 '
389 1277 491 1323 Twas
506 1274 612 1320 grace
627 1272 704 1318 that
718 1269 842 1316 taught
858 1269 917 1313 my
932 1266 1033 1311 heart
1051 1264 1088 1309 to
1102 1262 1176 1308 fear
1180 1263 1189 1306 ,

425 1320 509 1364 And
522 1318 627 1362 grace
642 1318 703 1360 my
717 1315 809 1359 fears
824 1312 979 1357 relieved
992 1312 1001 1353 ;

382 1362 473 1408 How
490 1362 652 1408 precious
671 1362 730 1408 did
746 1362 824 1408 that
839 1362 941 1408 grace
959 1362 1093 1408 appear

425 1409 501 1444 The
517 1408 606 1442 hour
624 1408 641 1441 I
655 1406 729 1441 first
746 1404 907 1439 believed
921 1403 931 1436 !

338 1493 359 1537 3
380 1488 548 1536 Through
565 1486 672 1532 many
688 1482 837 1530 dangers
841 1482 848 1526 ,
868 1480 949 1526 toils
966 1479 1035 1524 and
1060 1476 1180 1522 snares

425 1531 443 1568 I
461 1531 550 1569 have
569 1531 711 1570 already
727 1532 829 1571 come
842 1533 853 1570 ;

382 1582 396 1627 '
396 1579 456 1626 Tis
471 1576 576 1624 grace
591 1573 656 1621 has
671 1569 826 1619 brought
843 1567 899 1614 me
915 1564 989 1612 safe
1004 1562 1088 1609 thus
1101 1559 1158 1607 far
1161 1560 1171 1605 ,

428 1621 511 1665 And
525 1618 632 1663 grace
648 1618 722 1661 will
734 1616 816 1659 lead
833 1614 891 1658 me
906 1612 1012 1657 home
1013 1612 1022 1654 .

478 1661 503 1676 Gd

338 1698 361 1744 4
385 1696 461 1743 The
478 1695 574 1743 Lord
589 1696 653 1742 has
669 1694 849 1742 promised
865 1693 958 1740 good
974 1693 1011 1739 to
1028 1693 1085 1739 me
1089 1693 1096 1739 ,

434 1744 498 1784 His
516 1744 612 1784 word
629 1744 685 1784 my
703 1744 796 1784 hope
813 1744 954 1784 secures
967 1744 976 1784 ;

387 1788 446 1832 He
460 1787 533 1831 will
548 1786 607 1830 my
622 1785 737 1829 shield
754 1784 825 1827 and
841 1782 983 1826 portion
998 1781 1048 1824 be

431 1836 483 1878 As
498 1832 585 1876 long
600 1831 640 1874 as
655 1829 718 1872 life
733 1824 887 1870 endures
889 1825 898 1866 .

1186 160 1316 190 GERMAN
1317 165 1327 189 .

343 1915 364 1951 5
388 1913 470 1950 And
488 1911 589 1949 when
601 1910 672 1947 this
690 1908 778 1946 flesh
796 1907 863 1944 and
882 1905 985 1943 heart
1002 1904 1094 1941 shall
1108 1902 1174 1940 fail
1176 1902 1185 1938 ,

433 1954 516 1992 And
532 1953 659 1991 mortal
678 1953 741 1990 life
758 1952 850 1990 shall
865 1951 965 1989 cease
970 1952 979 1988 ,

388 2006 410 2047 I
422 2002 515 2046 shall
529 1999 671 2044 possess
674 2000 682 2041 ,
702 1997 823 2041 within
839 1996 900 2038 the
915 1994 985 2037 veil
987 1994 997 2035 ,

436 2044 468 2085 A
482 2044 548 2085 life
564 2044 604 2085 of
610 2044 671 2085 joy
689 2045 762 2086 and
776 2045 886 2087 peace
890 2046 898 2087 .
