2723 2297
325 263 408 306 114

410 348 453 370 H.
464 348 500 370 R.
513 348 684 370 TRICKETT
690 348 697 370 .

253 1983 343 2045 ge

445 417 482 454 6

442 464 479 496 8

342 765 483 837 96

442 822 484 859 8

354 1866 429 1915 98

920 260 1069 318 TRIM
1104 260 1176 318 UP
1204 260 1364 318 YOUR
1396 260 1557 318 LAMP
1563 260 1571 318 ,
1607 260 1874 318 BROTHER
1880 260 1890 318 .

1052 347 1096 374 Ye
1108 347 1158 374 are
1171 347 1223 374 the
1236 347 1315 374 light
1329 347 1362 374 of
1369 347 1421 374 the
1437 347 1527 374 world
1532 347 1537 374 .
1542 347 1563 374 -
1572 347 1666 374 MATT
1672 347 1676 374 .
1690 347 1708 374 V
1719 347 1728 374 :
1742 347 1774 374 14
1776 347 1782 374 ,

1259 458 1277 471 CF

439 558 472 602 1.
497 558 598 602 Dark
618 558 648 602 is
667 558 727 602 the
744 558 853 602 world
858 558 864 602 ,
883 558 940 602 my
960 558 1101 602 brother
1106 558 1112 602 ,
1140 558 1223 602 And
1243 558 1437 602 thousands
1457 558 1514 602 are
1534 558 1689 602 dying
1707 558 1744 602 in
1770 558 1823 602 sin
1836 558 1842 602 ;
1869 558 1968 602 They
1987 558 2088 602 know
2108 558 2169 602 not
2187 558 2247 602 the
2265 558 2340 602 way
2357 558 2398 602 of
2416 558 2473 602 sal-

436 612 472 655 2.
495 612 575 655 You
595 612 658 655 are
674 612 734 655 the
749 612 843 655 light
847 612 853 655 ,
873 612 930 655 my
951 612 1094 655 brother
1099 612 1104 655 ,
1133 612 1215 655 And
1234 612 1382 655 Jesus
1416 612 1481 655 has
1513 612 1690 655 stationed
1707 612 1777 655 you
1797 612 1882 655 here
1966 615 2014 645 To
2033 615 2138 645 shine
2158 615 2193 645 as
2214 615 2232 645 a
2250 615 2381 645 beacon
2413 615 2455 645 of

439 669 471 712 3.
495 669 562 712 Let
575 669 669 712 your
684 669 778 712 light
795 669 896 712 shine
900 669 905 712 ,
928 669 985 712 my
1006 669 1146 712 brother
1153 669 1158 712 ,
1178 669 1230 712 Oh
1238 669 1243 712 ,
1262 669 1311 712 let
1330 669 1390 712 not
1409 669 1451 712 its
1474 669 1675 712 brightness
1697 669 1790 712 grow
1808 669 1881 712 dim
1886 669 1892 712 ,
1916 669 1984 712 For
2005 669 2053 712 all
2072 669 2151 712 that
2166 669 2236 712 you
2256 669 2299 712 do
2321 669 2361 712 to
2383 669 2466 712 save

1804 727 1910 812 2

1488 974 1680 997 CHORUS
1688 974 1697 997 .

2151 347 2179 370 J.
2193 347 2232 370 H.
2248 347 2440 371 ROSECRANS
2444 348 2450 371 .

1205 1030 1313 1131 J

462 1158 539 1198 va-
556 1158 629 1198 tion
636 1158 643 1198 ,
670 1158 744 1198 Nor
762 1158 867 1198 think
887 1158 925 1198 of
941 1158 1001 1198 the
1026 1158 1157 1198 danger
1175 1158 1308 1198 they're
1325 1158 1362 1198 in
1366 1158 1375 1198 .

462 1213 625 1258 warning
626 1213 634 1258 ,
666 1213 763 1258 That
780 1213 828 1258 all
848 1213 928 1258 may
947 1213 1003 1258 for
1022 1213 1209 1258 judgment
1227 1213 1375 1258 prepare
1378 1213 1385 1258 .
1433 1213 1532 1258 Then
1550 1213 1633 1258 trim
1654 1213 1703 1258 up
1719 1213 1810 1258 your
1830 1213 1926 1258 lamp
1931 1213 1937 1258 ,
1949 1213 2008 1258 my
2026 1213 2170 1258 brother
2174 1213 2180 1258 ,
2200 1213 2281 1258 And
2295 1213 2345 1258 let
2358 1213 2402 1258 its
2415 1213 2512 1258 light

462 1269 516 1312 sin
519 1269 531 1311 -
533 1269 613 1311 ners
617 1269 624 1311 ,
665 1268 745 1311 You
763 1268 808 1310 do
848 1268 875 1310 it
880 1268 885 1310 ,
929 1267 986 1310 my
1006 1267 1108 1309 broth
1115 1267 1124 1309 -
1128 1267 1163 1309 er
1168 1267 1173 1309 ,
1211 1266 1264 1308 for
1285 1266 1373 1308 Him
1378 1266 1386 1308 .

1533 1619 1548 1630 B

1354 1596 1433 1695 A

1301 1741 1416 1771 jimbo
1418 1741 1429 1770 .

442 1763 543 1805 blaze
560 1763 640 1805 thro
644 1763 654 1805 '
670 1763 732 1805 the
749 1763 834 1805 land
840 1763 846 1805 ,
869 1763 941 1805 Till
958 1763 1018 1805 the
1039 1763 1234 1805 thousands
1239 1763 1244 1805 ,
1263 1763 1340 1805 who
1358 1763 1477 1805 perish
1497 1763 1531 1805 in
1553 1763 1718 1805 darkness
1722 1763 1728 1805 ,
1744 1763 1848 1805 Have
1866 1763 1987 1805 bowed
2005 1763 2039 1805 to
2059 1763 2120 1805 the
2137 1763 2289 1805 Savior's
2307 1763 2498 1805 command
2501 1763 2509 1805 .

1603 1621 1617 1630 60

2474 1967 2576 2054 Bo
