1384 2143
546 202 630 229 FOR
659 200 818 228 PRAISE
823 201 831 226 .

256 289 275 333 5
300 289 364 333 But
380 289 479 333 while
494 289 511 333 I
532 289 610 333 thus
628 289 658 333 in
678 289 816 333 anguish
834 289 890 333 lay
886 289 897 333 ,

299 332 372 373 The
384 332 535 373 gracious
554 332 690 373 Saviour
707 332 825 373 passed
843 332 907 373 this
925 332 997 373 way
997 332 1008 373 ,

345 374 421 411 And
438 375 496 412 felt
514 376 578 413 His
596 378 665 414 pity
680 379 776 416 move
788 381 798 416 ;

300 420 371 459 The
388 420 499 458 sinner
501 420 510 458 ,
531 420 573 458 by
591 419 640 457 his
663 419 782 457 justice
799 418 882 457 slain
883 418 892 456 ,

296 464 384 502 Now
400 464 444 502 by
462 464 528 502 His
543 464 639 502 grace
657 464 682 502 is
701 464 781 502 born
800 464 898 502 again

341 509 420 549 And
437 508 526 548 sings
543 506 733 547 redeeming
749 505 825 545 love
832 506 839 544 .

253 565 297 593 11
318 565 355 592 P.
371 563 429 591 121.
444 561 621 591 LOVING
633 560 878 589 KINDNESS
883 560 888 587 .
912 558 983 586 M.-
992 559 999 586 ,
1016 558 1052 585 B.
1067 558 1118 585 555

253 625 355 722 ES

1065 197 1115 223 II

305 757 513 813 AWAKE
512 757 524 811 ,
542 757 599 811 my
615 756 689 810 soul
687 756 696 810 ,
717 756 752 810 in
772 754 883 810 joyful
898 754 968 809 lays
968 754 979 808 ,

385 799 464 841 And
480 798 553 840 sing
569 797 626 839 thy
641 796 734 838 great

296 842 350 881 He
371 841 473 880 justly
490 840 605 880 claims
620 841 637 879 a
655 840 737 879 song
754 840 836 878 from
854 839 932 877 thee
942 839 952 877 ;

297 885 360 924 His
376 884 488 923 loving
490 884 501 921 -
503 882 661 922 kindness
665 882 671 919 ,
696 882 727 919 O
737 882 748 919 !
771 880 844 919 how
862 879 931 918 free
938 879 950 916 !

251 944 273 978 2
296 941 349 977 He
367 941 433 976 saw
451 939 503 975 me
519 937 632 974 ruined
650 938 680 972 in
700 936 755 972 the
770 935 829 971 fall
831 935 839 969 ,

296 981 361 1022 Yet
374 981 471 1021 loved
489 981 541 1021 me
544 981 551 1021 ,
572 979 869 1021 notwithstanding
882 979 927 1019 all
932 979 942 1019 ;

297 1026 353 1064 He
370 1026 470 1064 saved
487 1026 538 1064 me
554 1026 636 1064 from
656 1026 709 1064 my
726 1026 790 1064 lost
808 1026 912 1064 estate
923 1026 933 1064 ;

295 1070 362 1108 His
378 1070 491 1108 loving
492 1070 502 1108 -
505 1070 663 1108 kindness
668 1070 673 1108 ,
699 1070 727 1108 O
744 1070 753 1108 !
776 1070 849 1108 how
868 1070 963 1108 great
965 1070 978 1108 !
1082 1070 1138 1108 st

424 1575 457 1603 2-

252 1128 274 1168 3
295 1126 439 1168 Though
453 1125 626 1167 numerous
641 1124 732 1165 hosts
750 1124 788 1164 of
806 1123 932 1164 mighty
949 1123 1018 1163 foes
1021 1123 1029 1163 ,

298 1167 441 1209 Though
458 1168 551 1208 earth
567 1169 633 1209 and
651 1169 717 1209 hell
732 1169 787 1210 my
800 1170 871 1210 way
887 1170 1013 1211 oppose
1015 1171 1023 1211 ,

298 1212 352 1250 He
368 1211 471 1249 safely
487 1211 580 1249 leads
599 1211 652 1248 my
670 1210 743 1248 soul
759 1210 858 1247 along
868 1210 880 1247 ;

298 1256 361 1296 His
378 1255 488 1296 loving
491 1255 501 1294 -
505 1254 662 1295 kindness
668 1254 673 1293 ,
698 1254 727 1293 O
743 1254 752 1293 !
775 1254 849 1293 how
867 1252 981 1293 strong
993 1253 1003 1292 !

251 1312 275 1350 4
297 1310 402 1349 When
422 1309 551 1349 trouble
556 1310 561 1348 ,
584 1310 649 1348 like
667 1310 684 1348 a
703 1308 838 1348 gloomy
853 1308 950 1347 cloud
953 1308 961 1346 ,

744 1286 802 1307 voi

298 1354 370 1394 Has
386 1353 543 1393 gathered
561 1352 651 1391 thick
656 1352 662 1390 ,
685 1350 749 1390 and
767 1349 951 1390 thundered
967 1348 1048 1388 loud
1045 1349 1055 1387 ,

298 1399 351 1438 He
368 1398 446 1437 near
464 1398 518 1436 my
534 1396 607 1436 soul
626 1396 683 1435 has
702 1395 821 1435 always
840 1394 934 1433 stood
948 1394 957 1432 ;

298 1443 361 1482 His
378 1442 490 1481 loving
492 1442 501 1480 -
505 1441 663 1481 kindness
668 1441 675 1479 .
699 1441 728 1479 O
739 1441 748 1479 !
772 1440 846 1478 how
862 1438 949 1478 good
965 1439 975 1477 !

254 1496 309 1525 12
333 1496 369 1524 P.
383 1495 443 1524 196.
465 1493 708 1523 HAMBURG
716 1493 722 1521 .
748 1493 786 1521 L.
808 1492 856 1520 M.
872 1492 915 1520 M.
930 1491 979 1520 343
983 1491 988 1519 ,
1001 1491 1037 1519 B.
1050 1490 1099 1519 379

423 1622 458 1652 2

760 794 969 837 Redeemer's
987 793 1099 835 praise
1101 793 1113 833 .

279 1547 1093 1668 ORTHEL

298 1682 528 1743 BEHOLD
542 1682 564 1737 a
580 1678 731 1736 stranger
745 1676 780 1732 at
797 1675 855 1731 the
870 1672 955 1730 door
962 1672 973 1727 !

386 1730 438 1768 He
455 1729 567 1767 gently
584 1728 711 1766 knocks
717 1728 722 1765 ,
747 1727 802 1765 has
822 1726 974 1765 knocked
992 1725 1105 1763 before
1107 1725 1117 1762 ;

298 1772 372 1811 Has
388 1772 504 1811 waited
524 1772 601 1811 long
603 1772 631 1811 -
647 1772 673 1811 is
693 1772 825 1811 waiting
843 1772 912 1811 still
912 1772 924 1811 .

296 1815 373 1847 You
390 1815 476 1847 treat
491 1815 532 1847 no
552 1815 645 1847 other
660 1815 764 1847 friend
785 1815 820 1847 so
837 1815 875 1847 ill
874 1815 884 1847 .

1105 888 1132 917 2
