2845 2139
281 240 352 278 78

1019 237 1348 278 PRECIOUS
1386 237 1730 278 FOUNTAIN
1737 237 1750 278 .

299 1281 364 1338 9

1618 325 1763 463 홍

399 409 443 446 4

401 506 432 549 1.
451 506 519 549 Let
544 506 606 549 the
644 506 772 549 holy
798 506 903 549 name
928 506 968 549 of
989 506 1140 549 Jesus
1171 506 1288 549 Dwell
1313 506 1367 549 for
1370 506 1383 549 -
1386 506 1514 549 ever
1540 506 1576 549 in
1617 506 1682 549 thy
1709 506 1809 549 heart
1814 506 1819 549 ,
1871 506 1908 549 It
1934 506 2009 549 will
2033 506 2175 549 cleanse
2178 506 2183 549 ,
2199 506 2235 549 re
2239 506 2251 549 -
2254 506 2348 549 fresh
2354 506 2359 549 ,
2378 506 2449 549 and

399 552 432 594 2.
450 552 554 594 Souls
573 552 635 594 are
651 552 727 594 wea
730 552 742 594 -
745 552 787 594 ry
790 552 798 594 ,
806 552 903 594 worn
907 552 914 594 ,
920 552 992 594 and
1004 552 1169 594 troubled
1174 552 1179 594 ,
1191 552 1321 594 Bowed
1336 552 1423 594 with
1436 552 1569 594 sorrow
1573 552 1579 594 ,
1585 552 1668 594 pain
1673 552 1678 594 ,
1686 552 1756 594 and
1767 552 1863 594 grief
1869 552 1876 594 ;
1889 552 2001 594 Weak
2016 552 2083 594 and
2097 552 2189 594 faint
2194 552 2199 594 ,
2209 552 2255 594 fly
2286 552 2326 594 to
2353 552 2428 594 this

398 596 432 639 3.
452 596 556 639 With
571 596 640 639 thy
656 596 745 639 woes
761 596 830 639 and
844 596 943 639 earth
950 596 961 639 -
966 596 1002 639 ly
1020 596 1081 639 la-
1094 596 1174 639 bors
1180 596 1186 639 ,
1209 596 1299 639 Wea
1302 596 1331 639 --
1334 596 1356 639 y
1369 596 1456 639 with
1475 596 1540 639 thy
1559 596 1641 639 load
1673 596 1715 639 of
1741 596 1822 639 care
1824 596 1830 639 ,
1853 596 1961 639 Come
1965 596 1971 639 ,
1985 596 2028 639 oh
2034 596 2040 639 ,
2056 596 2157 639 come
2158 596 2164 639 ,
2180 596 2230 639 un
2247 596 2262 639 -
2274 596 2316 639 to
2351 596 2414 639 the

321 941 472 1072 35

396 1092 503 1133 cheer
519 1092 589 1133 you
594 1092 600 1133 ,
619 1092 740 1133 Shield
759 1092 852 1133 from
868 1092 913 1133 Sa
917 1092 930 1133 -
932 1092 1022 1133 tan's
1053 1092 1088 1133 fa
1106 1092 1120 1133 -
1137 1092 1188 1133 tal
1234 1092 1317 1133 dart
1320 1092 1330 1133 .

397 1138 577 1176 Fountain
583 1138 589 1176 ,
614 1138 692 1176 You
735 1138 808 1176 will
833 1138 989 1176 surely
1009 1138 1083 1176 find

1153 1142 1193 1173 re
1213 1140 1229 1170 -
1249 1136 1319 1169 lief
1315 1137 1325 1166 .

394 1178 579 1219 Savior
582 1180 590 1219 ,
629 1180 675 1219 In
724 1180 798 1220 him
848 1181 914 1220 end
919 1181 929 1220 -
934 1182 1001 1221 less
1023 1182 1121 1223 pleas
1126 1183 1139 1222 -
1141 1183 1222 1222 ures
1247 1183 1310 1223 are
1309 1184 1319 1223 .

664 1286 792 1380 E

1404 909 1600 932 CHORUS
1606 909 1618 932 .

1959 936 2057 1056 E

426 1691 465 1733 sa
475 1691 490 1733 -
504 1691 586 1733 cred
600 1691 706 1733 name
718 1691 784 1733 sup
788 1691 798 1733 -
801 1691 889 1733 plies
895 1691 901 1733 ,
952 1691 991 1733 It
1036 1691 1065 1733 is
1106 1691 1198 1733 balm
1246 1691 1298 1733 for
1311 1691 1483 1733 wounded
1497 1691 1666 1733 spirits
1672 1691 1677 1733 ,
1725 1691 1769 1733 It
1818 1691 1851 1733 is

826 1751 860 1772 2
864 1751 878 1772 .

2117 295 2264 319 SAMUEL
2279 295 2397 319 TRACY
2401 295 2407 319 .

1440 1138 1495 1180 Oh
1497 1138 1503 1180 ,
1532 1138 1629 1180 what
1642 1138 1704 1180 joy
1718 1138 1799 1180 that
1818 1138 1978 1180 precious
2001 1138 2178 1180 Fountain
2185 1138 2190 1180 ,
2215 1138 2350 1180 Which
2368 1138 2425 1180 his

1910 1690 1977 1723 life
1998 1693 2080 1727 that
2095 1696 2165 1728 nev

2193 1716 2205 1720 -

2236 1697 2275 1728 er
2304 1696 2380 1726 dies
2384 1696 2395 1725 .

2702 1450 2816 1507 LE
