2650 2142
307 188 377 225 56

417 260 526 306 THE
556 260 719 306 PRIZE
751 260 798 306 IS
831 260 930 306 SET
962 260 1172 306 BEFORE
1206 260 1268 306 US
1276 260 1283 306 .
1343 260 1360 306 (
1363 260 1428 306 49.
1428 260 1447 306 )

421 341 495 397 bb
494 354 544 406 4

499 407 540 444 4

404 740 442 781 -2
417 740 447 780 -
442 738 468 778 ₂
471 736 508 776 -
503 734 540 774 4

431 1220 497 1270 25

408 1263 473 1303 22

407 1812 477 1858 bb

483 508 514 543 1.
537 508 610 543 The
626 508 720 543 prize
761 508 789 543 is
816 508 866 543 set
909 508 950 543 be
953 508 963 543 -
968 508 1043 543 fore
1070 508 1145 543 us-
1162 505 1211 544 To
1230 505 1296 544 win
1304 505 1312 544 ,
1325 505 1391 544 our
1402 505 1492 544 Lord
1503 505 1652 544 implore
1665 505 1705 544 us
1716 505 1725 544 !
1768 505 1841 544 The
1856 505 1919 544 eye
1960 505 2000 544 of
2013 505 2086 544 God
2120 505 2146 544 is
2171 505 2241 544 o'er
2268 505 2306 544 us
2323 505 2428 544 From
2441 505 2487 544 on

483 547 517 585 2.
539 547 603 585 We
641 547 761 585 follow
776 547 890 585 where
901 547 954 585 He
966 547 1103 585 leadeth
1108 547 1140 585 -
1150 547 1211 585 We
1221 547 1362 585 pasture
1373 547 1487 585 where
1499 547 1552 585 He
1563 547 1695 585 feedeth
1701 547 1730 585 -
1745 547 1804 585 We
1815 547 1909 585 yield
1920 547 1956 585 to
1971 547 2056 585 Him
2071 547 2149 585 who
2160 547 2320 585 pleadeth
2336 547 2441 585 From
2451 547 2499 585 on

484 586 515 625 3.
536 586 612 625 Our
620 586 731 625 home
757 586 785 625 is
798 586 915 625 bright
927 586 945 625 a
948 586 958 625 -
962 586 1052 625 bove
1066 586 1106 625 us
1117 586 1124 625 ;
1150 586 1203 625 No
1240 586 1286 625 tri
1300 586 1313 625 -
1329 586 1379 625 als
1391 586 1489 625 there
1500 586 1535 625 to
1549 586 1652 625 move
1668 586 1707 625 us
1712 586 1717 625 ,
1737 586 1807 625 But
1818 586 1932 625 Christ
1944 586 2008 625 our
2020 586 2110 625 Lord
2120 586 2155 625 to
2168 586 2250 625 love
2261 586 2300 625 us
2304 586 2312 625 ,
2317 586 2444 625 Dwells
2455 586 2499 625 on

535 959 551 973 P

1202 197 1316 221 LOVE
1338 197 1429 221 AND
1453 197 1611 221 PRAISE
1618 197 1627 221 .

507 1035 593 1073 high
598 1035 604 1073 ,
622 1035 710 1073 from
744 1035 790 1073 on
808 1035 891 1073 high
905 1035 913 1073 !
952 1035 1016 1073 His
1060 1035 1142 1073 lov-
1155 1035 1215 1073 ing
1233 1035 1332 1073 tones
1364 1035 1423 1073 are
1443 1035 1503 1073 fall
1508 1035 1518 1073 -
1528 1035 1589 1073 ing
1593 1035 1598 1073 ,
1617 1035 1736 1073 While
1756 1035 1812 1073 sin
1866 1034 1896 1073 is
1941 1032 2026 1072 dark
2031 1033 2038 1071 ,
2084 1031 2141 1071 ap-
2160 1030 2231 1070 pall
2236 1031 2245 1069 -
2250 1030 2310 1069 ing
2323 1030 2330 1068 ;

507 1074 592 1111 high
598 1074 604 1111 ,
623 1074 710 1111 from
743 1074 788 1111 on
808 1074 890 1111 high
904 1074 913 1111 !
951 1074 1019 1111 For
1031 1074 1167 1111 naught
1180 1074 1266 1111 from
1281 1074 1355 1111 him
1369 1074 1431 1111 can
1445 1074 1502 1111 sev
1518 1074 1530 1111 -
1544 1074 1579 1111 er
1587 1074 1595 1111 ;
1628 1074 1700 1111 Our
1742 1074 1835 1111 hope
1847 1074 1939 1111 shall
1950 1074 2068 1111 bright
2071 1074 2082 1111 -
2087 1074 2128 1111 en
2175 1074 2244 1111 ev-
2267 1074 2303 1111 er
2312 1074 2320 1111 ;

507 1113 594 1151 high
597 1113 604 1151 ,
623 1113 745 1151 dwells
755 1113 798 1151 on
815 1113 899 1151 high
913 1113 921 1151 !
951 1113 1014 1151 We
1053 1113 1131 1151 give
1154 1113 1217 1151 our
1244 1113 1320 1151 best
1362 1113 1400 1151 en
1408 1113 1419 1151 -
1423 1113 1523 1151 deav-
1537 1113 1575 1151 or
1583 1113 1592 1151 ;
1630 1113 1692 1151 We
1734 1113 1847 1151 praise
1863 1113 1917 1151 his
1948 1113 2054 1151 name
2084 1113 2136 1151 for
2149 1113 2163 1151 -
2175 1113 2215 1151 ev
2230 1113 2244 1151 -
2266 1113 2302 1151 er
2309 1113 2318 1151 ;

646 1219 673 1242 *
672 1219 687 1242 .

591 1606 602 1609 -

915 1472 1094 1553 FP

533 1587 578 1624 Je
618 1587 679 1624 sus
693 1587 874 1624 gently
899 1587 965 1624 call
970 1587 982 1624 -
991 1587 1053 1624 ing
1056 1587 1085 1624 -
1096 1587 1152 1624 He
1192 1587 1221 1624 is

510 1628 597 1657 faith
611 1628 704 1656 shall
714 1627 776 1656 fail
838 1632 881 1660 us
903 1634 1042 1664 never
1043 1638 1052 1664 ,
1098 1628 1152 1661 He
1194 1628 1222 1661 is

524 1668 684 1704 precious
700 1668 811 1704 words
824 1668 887 1704 can
904 1668 994 1704 nev-
1005 1668 1040 1704 er
1042 1668 1048 1704 ,
1083 1668 1171 1704 Nev-
1189 1668 1223 1704 er

814 1748 1015 1868 正

1257 1587 1342 1624 nigh
1347 1587 1354 1624 ,
1372 1587 1417 1624 he

1260 1628 1344 1662 nigh
1350 1629 1358 1662 ,
1374 1629 1420 1662 he

1267 1668 1322 1704 die
1325 1668 1333 1704 ,
1363 1668 1432 1704 nev

1447 1685 1456 1690 -

1998 274 2053 298 DR
2060 274 2067 298 .
2088 274 2129 298 H.
2151 274 2188 298 R.
2212 274 2373 298 PALMER
2380 274 2388 298 .

1657 1385 1813 1414 CHORUS
1816 1385 1825 1414 .

1289 1898 1334 1930 By
1346 1898 1535 1930 permission
1539 1898 1548 1930 .

1955 1282 2127 1353 FE

2431 700 2450 712 93

2374 1030 2385 1068 '
2386 1030 2442 1068 Tis

2377 1070 2461 1103 And

2386 1114 2451 1141 His

2059 1423 2163 1532 트

1484 1585 1514 1623 is
1531 1583 1618 1622 nigh
1623 1583 1633 1620 .
1669 1581 1723 1620 By
1758 1580 1830 1619 and
1858 1579 1906 1617 by
1961 1584 2011 1621 we
2026 1583 2119 1620 shall
2130 1582 2221 1620 meet
2237 1583 2320 1619 Him
2328 1582 2334 1618 ,
2341 1582 2391 1618 By
2416 1582 2486 1618 and

1486 1626 1517 1661 is
1532 1628 1617 1664 nigh
1622 1631 1631 1664 .

1482 1670 1518 1700 er
1544 1666 1602 1697 die
1606 1666 1614 1695 .
