2840 2190
339 151 452 206 186

811 145 931 221 The
963 148 1076 223 Ten
1113 152 1413 231 Blessings
1415 159 1432 231 .
1505 158 1532 209 (
1525 158 1652 213 With
1680 163 1817 217 chant
1843 168 2046 226 response
2047 175 2059 225 .
2063 176 2081 226 )

342 305 448 337 Sup't
447 306 457 335 .

589 337 623 359 I.

345 374 469 405 Blessed
488 375 542 405 are
559 376 615 405 the
631 376 707 406 poor
721 377 753 406 in
773 377 862 408 spirit
868 378 878 407 :

372 415 420 445 for
438 415 535 446 theirs
553 416 579 446 is
599 416 654 446 the
673 416 822 448 kingdom
844 417 880 447 of

373 456 497 483 heaven
499 460 508 483 .

345 665 450 694 Sup't
451 666 461 693 .

583 697 623 719 II
625 697 635 719 .

347 735 470 763 Blessed
491 735 544 763 are
562 735 637 764 they
656 736 728 764 that
748 736 859 764 mourn
867 736 876 764 :

373 774 423 804 for
433 774 509 804 they
520 774 602 804 shall
614 774 651 804 be
663 774 834 804 comforted
836 774 844 804 .

345 949 450 979 Sup't
453 950 462 978 .

577 981 638 1003 III
639 981 649 1002 .

350 1019 471 1047 Blessed
484 1019 536 1047 are
548 1019 602 1047 the
615 1019 707 1047 meek
716 1019 723 1047 :
740 1019 789 1047 for
799 1019 878 1047 they

375 1060 457 1083 shall
467 1060 584 1083 inherit
596 1060 650 1083 the
663 1060 752 1083 earth
755 1060 764 1083 .

346 1189 450 1216 Sup't
451 1189 460 1216 .

579 1189 628 1212 IV
632 1189 644 1211 .

348 1227 471 1258 Blessed
488 1228 542 1257 are
556 1227 632 1256 they
652 1227 723 1256 that
743 1226 781 1256 de
800 1226 864 1255 hun-

375 1268 430 1297 ger
440 1268 501 1297 and
512 1268 606 1297 thirst
619 1268 697 1297 after
709 1268 867 1297 righteous-

377 1310 445 1339 ness
454 1310 462 1338 :
479 1310 526 1338 for
538 1308 612 1337 they
626 1307 706 1337 shall
719 1308 755 1336 be
768 1306 852 1336 filled
855 1307 863 1335 .

346 1427 453 1456 Sup't
453 1427 462 1454 .

589 1457 631 1479 V.

347 1496 473 1520 Blessed
494 1496 548 1520 are
568 1496 623 1520 the
644 1496 788 1520 merciful
795 1496 805 1520 :
830 1496 879 1520 for

375 1534 453 1566 they
463 1535 545 1567 shall
557 1536 660 1568 obtain
674 1537 781 1569 mercy
781 1538 789 1568 .

345 1654 453 1682 Sup't
452 1654 463 1682 .

580 1685 632 1706 VI
633 1685 644 1705 .

348 1723 474 1751 Blessed
490 1723 544 1751 are
558 1723 613 1751 the
630 1723 705 1751 pure
720 1723 751 1751 in
771 1723 862 1751 neart
869 1723 878 1751 :

375 1763 423 1791 for
433 1762 509 1790 they
520 1761 603 1789 shall
614 1762 665 1789 see
678 1761 740 1788 God
744 1761 751 1788 .

884 993 965 1072 1

1020 263 1153 285 School
1157 263 1167 285 .

1016 343 1042 368 4

959 391 1031 437 The
1040 392 1123 438 Lord
1131 394 1159 438 is
1167 394 1244 440 nigh
1257 396 1335 441 unto
1346 397 1436 443 them
1443 399 1461 443 }
1465 399 1586 446 broken
1597 401 1689 447 heart
1696 403 1704 447 :
1720 403 1794 449 And
1806 404 1919 451 saveth
1929 406 2007 452 such
2016 408 2053 453 as
2070 409 2109 454 be
2132 410 2167 455 of
2202 411 2221 455 a
2243 411 2375 458 contrite
2387 413 2476 459 spirit
2475 415 2483 459 .

1035 425 1105 448 that
1118 426 1170 449 are
1182 428 1215 450 of
1225 428 1243 449 a

1014 620 1150 642 School
1153 620 1163 642 .

901 1463 977 1546 14

1006 752 1081 779 This
1091 752 1117 779 is
1130 752 1184 779 my
1195 752 1329 779 comfort
1337 752 1372 779 in
1441 747 1493 780 my
1526 745 1708 779 affliction
1717 746 1726 777 :

991 858 1017 890 #
1012 858 1045 890 4

1019 947 1153 973 School
1157 947 1166 970 .

1037 1080 1102 1111 The
1114 1080 1205 1111 meek
1219 1080 1282 1111 will
1296 1080 1335 1111 he
1371 1080 1462 1111 guide
1494 1080 1525 1111 in
1565 1080 1641 1111 judg
1643 1080 1653 1111 -
1655 1080 1744 1111 ment
1750 1080 1759 1111 :

947 1114 962 1142 (
963 1113 1036 1141 Base
1047 1113 1109 1141 and
1121 1111 1212 1140 Tenor
1216 1112 1222 1140 ,
1235 1112 1278 1140 see
1291 1110 1380 1139 chant
1389 1110 1476 1139 above
1479 1110 1485 1138 .
1491 1110 1501 1138 )

1019 1184 1154 1205 School
1156 1184 1166 1205 .

1019 1421 1155 1443 School
1157 1421 1167 1443 .

888 1212 1057 1316 167

961 1311 1010 1343 He
1021 1311 1103 1343 shall
1115 1311 1236 1343 receive
1248 1311 1301 1343 the
1311 1311 1446 1343 blessing
1455 1311 1533 1343 from
1544 1311 1598 1343 the
1609 1311 1687 1343 Lord
1697 1311 1704 1343 :
1723 1311 1794 1343 And
1805 1311 2035 1343 righteousness
2047 1311 2125 1343 from
2139 1311 2193 1343 the
2203 1311 2265 1343 God
2275 1311 2305 1343 of
2319 1311 2365 1343 his
2377 1311 2531 1343 salvation
2534 1311 2542 1343 .

948 1346 963 1374 (
963 1345 1037 1373 Base
1048 1345 1108 1373 and
1121 1344 1210 1373 Tenor
1217 1344 1222 1372 ,
1236 1344 1278 1372 see
1291 1344 1378 1372 chant
1390 1343 1476 1372 above
1480 1343 1486 1371 .
1490 1343 1501 1371 )

1066 1553 1117 1576 He
1126 1553 1197 1575 that
1208 1551 1341 1575 trusteth
1433 1552 1466 1574 in
1519 1552 1575 1573 the
1608 1552 1686 1573 Lord
1695 1552 1704 1573 :

947 1581 963 1609 (
964 1581 1038 1609 Base
1049 1581 1109 1609 and
1121 1581 1213 1609 Tenor
1218 1581 1224 1609 ,
1236 1581 1280 1609 see
1291 1581 1379 1609 chant
1390 1581 1477 1609 above
1479 1581 1486 1609 .
1489 1581 1501 1609 )

1019 1652 1153 1676 School
1157 1653 1165 1675 ,

1832 258 1924 293 From
1946 260 1965 293 "
1978 260 2076 295 Choir
2093 261 2160 296 and
2180 263 2414 299 Congregation
2416 266 2425 299 .
2429 266 2445 299 "

908 1690 1001 1783 4

1036 1786 1144 1812 Create
1154 1786 1185 1812 in
1200 1786 1250 1812 me
1263 1786 1280 1812 a
1292 1786 1379 1812 clean
1413 1786 1503 1812 heart
1507 1786 1512 1812 ,
1539 1786 1564 1812 O

947 1815 961 1842 (
964 1815 1036 1842 Base
1049 1815 1109 1842 and
1123 1815 1212 1842 Tenor
1217 1815 1223 1842 ,
1238 1815 1281 1842 see
1293 1815 1379 1842 chant
1391 1815 1476 1842 above
1480 1815 1487 1842 .
1490 1815 1501 1842 )

1308 1853 1353 1886 By
1369 1850 1563 1885 permission
1562 1851 1572 1882 .

1605 1784 1670 1808 God
1676 1784 1686 1807 :

1771 663 1838 733 L

1789 749 1848 780 For
1859 749 1918 780 thy
1958 750 2042 782 word
2073 750 2150 783 hath
2182 751 2277 784 quick
2288 752 2298 783 -
2306 752 2376 783 en'd
2426 761 2479 776 me
2479 761 2487 776 .

1820 1079 1891 1106 And
1903 1079 1959 1106 the
1983 1079 2076 1108 meek
2091 1080 2152 1108 will
2176 1081 2215 1108 he
2235 1081 2323 1110 teach
2349 1082 2396 1109 his
2418 1083 2487 1110 way
2489 1083 2498 1110 .

1765 1549 1871 1580 Mercy
1883 1547 1966 1578 shall
2007 1555 2072 1573 com

2088 1563 2099 1567 .

2112 1556 2182 1578 pass
2230 1551 2295 1573 him

2348 1553 2366 1573 a
2376 1552 2390 1572 -
2397 1550 2474 1572 bout
2474 1550 2481 1570 .

1747 1782 1823 1812 And
1834 1782 1936 1812 renew
1949 1782 1968 1812 a
1979 1782 2065 1812 right
2095 1782 2158 1812 spir
2159 1782 2169 1812 -
2170 1782 2196 1812 it
2217 1782 2294 1812 with
2328 1782 2360 1812 in

2451 1789 2502 1805 me
2503 1789 2512 1805 .
