2296 3329
363 998 435 1082 نام
347 1000 362 1082 )

458 362 508 429 故事

507 500 524 539 1
551 499 652 538 Hark
659 499 665 538 ,
684 499 744 538 my
768 498 848 537 soul
852 498 860 537 ,
898 498 930 537 it
996 497 1028 536 is

515 603 553 636 2

971 275 1263 338 LUDWIC
1268 278 1283 337 .
1355 279 1415 339 7s
1416 280 1439 339 .
1458 280 1515 340 D

323 1150 531 1213 172

866 1153 928 1208 Bap
924 1153 937 1205 .
939 1152 953 1204 ,
961 1149 1026 1203 491
1024 1149 1035 1200 .

327 1235 350 1265 2
367 1235 388 1265 "
400 1235 417 1265 I
434 1235 606 1265 delivered
623 1235 703 1265 thee
720 1235 820 1265 when
839 1235 961 1265 bound
967 1235 974 1265 ,

370 1271 452 1307 And
456 1271 463 1307 ,
482 1271 581 1309 when
602 1271 775 1309 wounded
779 1273 785 1309 ,
805 1272 926 1310 healed
944 1274 1007 1310 thy
1026 1274 1157 1311 wound
1168 1275 1179 1311 ;

368 1315 504 1354 Sought
519 1315 599 1354 thee
615 1315 811 1354 wand'ring
814 1315 819 1354 ,
839 1315 889 1354 set
903 1315 986 1354 thee
999 1315 1093 1354 right
1097 1315 1104 1354 ,

368 1351 510 1389 Turned
525 1353 589 1390 thy
604 1353 772 1392 darkness
788 1355 863 1393 into
881 1356 971 1394 light
974 1357 982 1393 .

328 1403 348 1435 3
368 1403 390 1435 "
400 1403 472 1437 Can
489 1404 509 1436 a
523 1404 688 1439 mother's
706 1406 829 1440 tender
843 1408 919 1442 care
921 1409 928 1441 ,

369 1449 473 1478 Cease
486 1449 621 1478 toward
637 1449 696 1478 the
713 1449 807 1478 child
824 1449 887 1478 she
901 1449 984 1478 bare
988 1449 1004 1478 ?

370 1489 438 1524 Yes
442 1489 449 1524 ,
465 1489 528 1524 she
543 1489 625 1524 may
640 1489 805 1524 forgetful
819 1489 861 1524 be
864 1489 871 1524 ,

370 1530 438 1559 Yet
454 1530 525 1559 will
543 1530 558 1559 I
575 1530 769 1559 remember
784 1530 863 1559 thee
866 1530 873 1559 .

1988 781 2069 874 31

557 903 604 946 Je
651 903 710 946 sus
723 903 851 946 speaks
855 903 863 946 ,
872 903 916 946 he
933 903 1061 946 speaks
1074 903 1110 946 to
1149 903 1231 946 thee
1238 903 1245 946 :
1270 903 1287 946 "
1298 903 1366 946 Say
1372 903 1378 946 ,
1391 903 1476 946 poor
1507 903 1561 946 sin
1581 903 1594 946 -
1612 903 1674 946 ner
1678 903 1683 946 ,
1700 903 1805 946 lov'st
1815 903 1905 946 thou
1922 903 1980 946 me
1989 903 2009 946 ?

327 1577 347 1615 4
370 1577 389 1615 "
400 1577 498 1617 Mine
511 1578 539 1616 is
556 1578 599 1617 an
618 1578 849 1619 unchanging
863 1580 944 1620 love
945 1582 953 1620 ,

371 1620 506 1659 Higher
520 1620 607 1658 than
623 1621 686 1659 the
700 1620 838 1660 heights
856 1622 967 1660 above
968 1622 976 1660 ,

479 1862 523 1902 6

420 2112 457 2151 -b
456 2112 484 2150 -
483 2111 516 2149 6

406 2156 469 2200 bb
479 2154 521 2198 4

1660 286 1696 331 J.
1724 284 1773 330 G.
1798 283 1997 329 DOUTHIT
1999 283 2010 327 .

1834 376 1928 467 H

1087 498 1151 539 the
1167 498 1259 539 Lord
1266 498 1276 539 !
1304 498 1318 539 '
1315 498 1375 539 Tis
1407 498 1473 539 thy
1520 498 1587 539 Sav
1593 498 1605 539 -
1615 498 1696 539 iour
1701 498 1706 539 ,
1718 498 1803 539 hear
1826 498 1883 539 his
1915 498 2011 539 word
2016 498 2028 539 !

370 1851 455 1954 $
408 1850 496 1953 5

455 2006 474 2045 1
500 2006 605 2045 Come
609 2006 616 2045 ,
629 2006 718 2045 thou
728 2006 812 2045 long
825 2006 884 2045 ex-
899 2006 1007 2045 pect-
1022 2006 1065 2045 ed
1100 2006 1143 2045 Je
1147 2006 1159 2045 -
1172 2006 1230 2045 sus
1235 2006 1241 2045 ,
1268 2006 1361 2045 Born

409 2592 472 2630 2-2

332 2695 520 2739 173

372 2764 393 2802 2
413 2764 549 2802 Israel's
567 2764 729 2802 Strength
747 2764 818 2802 and
836 2764 1060 2802 Consolation
1066 2764 1075 2802 ,

455 2808 557 2845 Hope
573 2808 613 2845 of
630 2808 679 2845 all
692 2808 753 2845 the
769 2808 864 2845 earth
881 2808 971 2845 thou
987 2808 1040 2845 art
1044 2808 1051 2845 ,-

413 2846 506 2881 Dear
520 2846 640 2883 Desire
655 2847 693 2882 of
714 2847 814 2882 every
832 2848 952 2884 nation
958 2848 969 2883 ,

454 2889 523 2931 Joy
536 2888 579 2929 of
595 2887 699 2929 every
712 2885 861 2927 longing
876 2883 977 2925 heart
979 2883 987 2923 .

1100 1156 1181 1205 Meth
1180 1156 1189 1205 .
1193 1156 1203 1205 ,
1219 1156 1293 1205 473.
1352 1156 1421 1205 Pres
1425 1156 1432 1205 .
1436 1156 1445 1205 ,
1462 1156 1507 1205 42
1507 1156 1517 1205 .

790 1699 1208 1764 BARTIMEUS
1213 1701 1228 1763 .
1296 1702 1363 1764 8s
1399 1702 1440 1764 &
1480 1702 1540 1765 7s
1539 1703 1557 1765 .

411 2929 439 2951 D

375 2939 396 2977 3
416 2939 510 2977 Born
527 2939 591 2977 thy
607 2939 731 2977 people
746 2939 782 2977 to
801 2939 931 2977 deliver
941 2939 949 2977 ;

1294 1233 1428 1271 Deeper
1440 1233 1528 1271 than
1544 1233 1605 1271 the
1621 1233 1744 1271 depths
1761 1233 1910 1271 beneath
1916 1233 1925 1271 ,

1296 1276 1382 1313 Free
1396 1276 1465 1313 and
1481 1276 1623 1313 faithful
1629 1276 1635 1313 ,
1653 1276 1773 1313 strong
1789 1276 1824 1313 as
1841 1276 1946 1313 death
1951 1276 1959 1313 .

1328 1321 1432 1360 Thou
1445 1323 1542 1361 shalt
1555 1325 1610 1362 see
1626 1326 1686 1363 my
1701 1327 1802 1366 glory
1816 1329 1903 1366 soon
1907 1330 1916 1366 ,

1295 1362 1413 1402 When
1428 1364 1489 1403 the
1504 1364 1603 1404 work
1619 1366 1658 1404 of
1675 1366 1775 1406 grace
1788 1368 1817 1406 is
1834 1368 1928 1408 done
1928 1369 1936 1407 ,

1294 1409 1440 1444 Partner
1454 1409 1496 1444 of
1513 1409 1572 1444 my
1588 1409 1716 1444 throne
1731 1409 1827 1444 shalt
1839 1409 1882 1444 be
1890 1409 1900 1444 :

1294 1448 1361 1487 Say
1365 1449 1372 1486 ,
1387 1447 1475 1486 poor
1488 1446 1609 1485 sinner
1611 1447 1617 1484 ,
1635 1445 1740 1484 lov'st
1755 1444 1844 1483 thou
1860 1443 1919 1481 me
1924 1444 1939 1481 ?
1944 1443 1960 1480 "

1251 1500 1271 1538 6
1295 1500 1387 1538 Lord
1390 1500 1396 1538 ,
1415 1500 1441 1538 it
1456 1500 1484 1538 is
1501 1500 1561 1538 my
1579 1500 1674 1538 chief
1690 1500 1887 1538 complaint

1295 1541 1386 1577 That
1401 1541 1460 1577 my
1477 1541 1557 1577 love
1572 1541 1599 1577 is
1616 1541 1687 1577 still
1704 1541 1741 1577 so
1758 1541 1847 1577 faint
1857 1541 1866 1577 ;

1296 1580 1363 1610 Yet
1378 1580 1393 1610 I
1410 1580 1490 1610 love
1504 1580 1583 1610 thee
1599 1580 1668 1610 and
1686 1580 1790 1610 adore
1798 1580 1809 1610 :

1295 1620 1323 1656 O
1338 1620 1391 1656 for
1407 1620 1506 1656 grace
1520 1620 1557 1656 to
1571 1620 1653 1656 love
1666 1620 1747 1656 thee
1762 1620 1861 1656 more
1864 1620 1883 1656 ?

1618 1676 1706 1701 ad
1727 1676 1788 1700 vit

456 2979 550 3018 Born
569 2979 588 3018 a
603 2979 697 3018 child
702 2980 708 3019 ,
727 2980 796 3019 and
813 2980 870 3019 yet
886 2980 904 3019 a
923 2980 1018 3020 King
1020 2981 1029 3020 ,

1251 1329 1274 1355 5

883 2685 943 2739 Bap
938 2685 953 2739 .
957 2685 967 2739 ,
982 2685 1047 2739 193.
1106 2685 1188 2739 Meth
1185 2685 1197 2739 .
1202 2685 1211 2739 ,
1226 2685 1301 2739 934.
1357 2685 1428 2739 Pres
1431 2685 1440 2739 .
1444 2685 1454 2739 ,
1469 2685 1510 2739 41
1508 2685 1522 2739 .

1171 3019 1237 3054 87

479 2435 584 2472 From
618 2435 682 2472 our
699 2435 789 2473 fears
807 2436 875 2473 and
889 2436 961 2473 sins
998 2437 1037 2474 re
1037 2437 1050 2474 -
1051 2437 1147 2474 lease
1160 2437 1200 2474 us
1203 2437 1211 2474 ,
1287 2439 1352 2468 Let
1428 2439 1471 2468 us
1506 2439 1581 2468 find
1622 2439 1690 2468 our
1721 2439 1796 2468 rest

1571 1763 1739 1809 DANIEL
1756 1767 1881 1812 READ
1883 1770 1894 1811 ,
1919 1771 2025 1814 1804
2025 1773 2034 1814 .

1602 1792 1630 1820 A

1422 2010 1461 2036 to
1517 2009 1573 2038 set

1740 1935 1785 1959 At

1633 2008 1701 2047 thy
1723 2008 1919 2047 people
1946 2008 2021 2047 free
2027 2008 2038 2047 ;

1856 2046 1946 2075 Stef

1955 2098 2123 2209 AR

1845 2439 1885 2465 in
1917 2439 2001 2466 thee
2005 2440 2017 2466 :

1851 2527 1974 2647 LUT

1298 2761 1394 2800 Born
1410 2763 1447 2800 to
1463 2763 1561 2801 reign
1577 2764 1612 2801 in
1632 2765 1672 2802 us
1689 2765 1742 2802 for
1757 2765 1836 2804 ever
1839 2766 1847 2803 ,

1339 2805 1426 2844 Now
1443 2805 1508 2844 thy
1523 2805 1681 2846 gracious
1699 2806 1871 2847 kingdom
1886 2808 1994 2848 bring
2000 2808 2012 2847 :

1255 2856 1276 2891 4
1300 2856 1351 2891 By
1367 2856 1469 2893 thine
1484 2857 1564 2892 own
1583 2857 1725 2894 Eternal
1742 2858 1848 2894 Spirit
1849 2859 1858 2894 ,

1340 2893 1431 2930 Rule
1444 2895 1481 2930 in
1498 2895 1547 2932 all
1562 2896 1628 2932 our
1643 2897 1758 2934 hearts
1774 2899 1878 2935 alone
1885 2900 1896 2935 ;

1299 2940 1353 2977 By
1367 2940 1470 2977 thine
1484 2940 1532 2977 all
1535 2940 1545 2977 -
1547 2940 1723 2977 sufficient
1740 2940 1841 2977 merit
1845 2940 1852 2977 ,

1340 2977 1443 3016 Raise
1458 2977 1497 3016 us
1513 2977 1549 3016 to
1564 2977 1631 3016 thy
1645 2977 1800 3018 glorious
1816 2978 1946 3018 throne
1946 2979 1955 3018 .
