2885 2263
1177 264 1313 311 SING
1343 264 1411 311 OF
1445 264 1544 311 HIS
1572 264 1724 311 LOVE
1730 264 1742 311 .

514 267 555 311 3

413 338 583 373 PRISCILLA
594 338 623 373 J.
637 338 754 373 OWENS
756 338 763 373 .
801 338 818 373 "
824 338 949 373 Because
958 338 1009 373 thy
1020 338 1117 373 loving
1119 338 1131 373 -
1133 338 1268 373 kindness
1281 338 1304 373 is
1318 338 1403 373 better
1415 338 1485 373 than
1498 338 1549 373 life
1551 338 1557 373 ,
1571 338 1618 373 my
1630 338 1688 373 lips
1701 338 1777 373 shall
1786 338 1884 373 praise
1897 338 1957 373 thee
1957 338 1965 373 .
1968 338 1984 373 "
1993 338 2023 373 -
2026 338 2063 373 Ps
2068 338 2073 373 .
2085 338 2122 373 63
2128 338 2138 373 :
2154 338 2173 373 3
2173 338 2180 373 .

1998 406 2125 489 20

485 413 520 446 4

481 457 522 491 4

455 555 488 596 1.
513 555 575 596 My
592 555 673 596 soul
687 555 802 596 would
817 555 880 596 tell
898 555 936 596 of

454 599 489 645 2.
513 599 583 645 His
596 599 678 645 love
690 599 788 645 shall
799 599 886 645 gath
888 599 900 645 -
904 599 939 645 er

969 555 1030 596 the
1048 555 1205 596 Savior's
1227 555 1308 596 love
1335 555 1384 596 To
1420 555 1471 596 all
1507 555 1567 596 the
1587 555 1697 596 world
1717 555 1735 596 a
1741 555 1751 596 -
1755 555 1870 596 round
1888 555 1943 596 me
1954 555 1962 596 ;
1982 555 2052 596 For
2070 555 2113 596 he
2130 555 2194 596 left
2221 555 2275 596 his
2308 555 2367 596 glo
2384 555 2399 596 -
2418 555 2447 596 ri
2452 555 2464 596 -
2465 555 2531 596 ous

957 599 1043 645 each
1057 599 1181 645 happy
1202 599 1304 645 voice
1330 599 1373 645 In
1400 599 1483 645 glad
1507 599 1577 645 and
1619 599 1776 645 grateful
1793 599 1859 645 cho
1865 599 1876 645 -
1879 599 1937 645 rus
1949 599 1958 645 ;
1975 599 2056 645 And
2067 599 2104 645 in
2116 599 2209 645 grief
2220 599 2290 645 and
2304 599 2390 645 pain
2405 599 2478 645 still
2493 599 2563 645 our

454 640 488 687 3.
512 640 542 687 O
594 640 675 687 sing
708 640 762 687 his
780 640 861 687 love
893 640 925 687 to
961 640 1022 687 the
1037 640 1139 687 lands
1162 640 1181 687 a
1201 640 1214 687 -
1230 640 1284 687 far
1288 640 1294 687 ,
1325 640 1403 687 The
1422 640 1511 687 news
1531 640 1569 687 of
1601 640 1706 687 grace
1729 640 1935 687 abounding
1948 640 1957 687 ;
1975 640 2040 687 Let
2071 640 2101 687 it
2118 640 2204 687 float
2240 640 2276 687 in
2295 640 2459 687 gladness
2468 640 2560 687 from

385 685 419 726 4.
436 685 537 726 Then
548 685 627 726 sing
637 685 723 727 once
734 686 831 727 more
841 686 879 727 of
888 686 964 728 that
979 686 1165 729 wondrous
1181 688 1300 729 theme
1302 688 1307 729 ,
1325 688 1393 729 His
1413 688 1494 730 love
1518 688 1758 731 exceeding
1772 689 1932 732 measure
1940 690 1948 731 ;
1971 690 2035 732 Let
2063 691 2092 732 it
2132 691 2185 732 fill
2202 691 2268 733 our
2283 692 2398 733 hearts
2405 692 2409 733 ,
2422 692 2470 733 let
2487 692 2517 733 it

361 809 517 868 9:54

431 860 565 896 940

357 1401 426 1454 9

430 1450 454 1477 D

2265 343 2297 368 E.
2312 343 2340 368 S.
2355 344 2485 371 LORENZ
2486 346 2494 370 .

1651 936 1846 960 CHORUS
1850 937 1860 959 .

482 1160 613 1203 throne
635 1161 794 1204 above
834 1163 915 1205 And
936 1163 979 1205 he
997 1163 1130 1206 sought
1147 1165 1202 1206 for
1224 1165 1278 1207 me
1299 1166 1367 1207 and
1386 1166 1499 1209 found
1533 1167 1588 1209 me
1591 1168 1600 1209 .

482 1207 581 1249 souls
622 1207 795 1250 rejoice
799 1208 805 1249 ,
826 1208 894 1250 For
933 1209 982 1250 we
1022 1210 1092 1251 feel
1140 1210 1195 1251 his
1215 1211 1303 1252 shad
1306 1211 1315 1252 -
1319 1211 1369 1252 ow
1390 1212 1463 1253 o'er
1527 1210 1569 1252 us
1572 1210 1580 1251 .
1599 1210 1708 1251 We'll
1716 1210 1795 1251 sing
1805 1209 1819 1250 (
1818 1209 1858 1250 of
1870 1209 1926 1250 his
1935 1209 2015 1250 love
2022 1209 2033 1250 )
2048 1208 2152 1250 We'll
2163 1208 2241 1249 sing
2254 1208 2291 1249 of
2302 1207 2356 1249 his
2370 1207 2450 1248 love
2457 1207 2468 1248 !
2485 1207 2541 1248 Ex-

624 1253 661 1291 to
706 1253 781 1291 star
784 1253 791 1291 ,
825 1254 907 1292 O'er
923 1254 982 1292 the
1001 1254 1115 1294 waves
1141 1255 1179 1293 of
1202 1256 1268 1294 life
1314 1256 1351 1294 re
1365 1256 1379 1294 -
1392 1257 1507 1296 sound
1511 1257 1523 1295 -
1527 1257 1589 1295 ing
1594 1258 1602 1296 .

482 1298 582 1337 reign
620 1298 659 1336 su
663 1298 676 1336 -
677 1298 798 1338 preme
801 1299 809 1337 ,
826 1299 876 1338 As
923 1301 988 1343 our
1017 1301 1093 1342 best
1096 1301 1103 1342 ,
1123 1300 1191 1342 our
1209 1299 1384 1342 brightest
1406 1299 1498 1340 treas
1502 1299 1514 1340 -
1516 1299 1581 1340 ure
1581 1299 1590 1340 .

482 1256 558 1282 star

1425 1957 1468 1982 13

575 1542 732 1655 #

510 1707 563 1749 alt
594 1707 650 1749 his
688 1707 733 1749 ho
736 1707 749 1749 -
751 1707 790 1749 ly
802 1707 907 1749 name
918 1707 1109 1749 forever
1116 1707 1124 1749 ;
1146 1707 1213 1749 For
1226 1707 1279 1749 his
1292 1707 1415 1749 loving
1417 1707 1429 1749 -
1433 1707 1601 1749 kindness
1619 1707 1646 1749 is
1660 1707 1733 1749 still
1746 1707 1805 1749 the
1818 1707 1915 1749 same
1917 1707 1923 1749 ,
1937 1707 2018 1749 And
2036 1707 2091 1749 his
2104 1707 2276 1749 goodness
2292 1707 2356 1749 fail
2365 1707 2424 1749 eth
2438 1707 2546 1749 never
2548 1707 2556 1749 .

2349 1602 2380 1624 T
