3874 2753
319 639 332 701 CHEESE

319 2371 331 2416 ORANG
319 2335 330 2367 PENY

771 210 1064 254 AZMON
1083 212 1091 253 .
1145 213 1212 254 C.
1247 213 1422 256 M.-C.
1438 214 1481 255 G.
1500 214 1653 257 GLASER
1655 215 1663 256 .

918 323 1033 424 g

2484 329 2582 416 H

409 476 444 517 1.
468 476 576 517 Come
576 476 584 517 ,
597 476 668 517 you
684 476 765 517 that
796 476 878 517 love
923 476 985 517 the
1032 476 1100 517 Sav
1105 476 1116 517 -
1119 476 1227 517 iour's
1241 476 1346 517 name
1350 476 1357 517 ,
1375 476 1457 517 And
1500 476 1564 517 joy
1622 478 1659 522 to
1693 478 1802 522 make
1852 478 1884 522 it
1928 478 2057 522 known
2062 478 2068 522 ,
2089 478 2164 522 The
2189 478 2371 522 sovereign
2390 478 2426 522 of
2470 478 2562 522 your
2578 478 2697 522 hearts
2712 478 2886 522 proclaim
2891 478 2899 522 ,
2947 478 3030 522 And
3071 478 3145 522 bow
3172 478 3215 522 be
3226 478 3238 522 -
3241 478 3318 522 fore
3364 478 3421 522 his
3452 478 3580 522 throne
3582 478 3589 522 .

409 523 442 567 2.
466 523 517 566 Be
581 522 668 566 hold
683 521 774 565 your
794 520 891 564 King
894 521 900 564 ,
914 519 1005 564 your
1030 520 1097 563 Sav
1102 520 1114 563 -
1117 519 1195 563 iour
1200 519 1206 562 ,
1223 518 1385 562 crowned
1407 517 1506 561 With
1520 517 1577 560 glo
1581 517 1593 560 -
1595 517 1664 560 ries
1726 516 1781 559 all
1848 521 1888 565 di
1913 521 1926 565 -
1950 521 2033 565 vine
2042 521 2051 565 ;
2086 521 2170 565 And
2209 521 2274 565 tell
2290 521 2350 565 the
2368 521 2573 565 wondering
2615 521 2661 565 na
2665 521 2677 565 -
2680 521 2771 565 tions
2789 521 2903 565 round
2945 521 3035 565 How
3052 521 3173 565 bright
3187 521 3286 565 these
3299 521 3429 565 glories
3464 521 3568 565 shine
3571 521 3579 565 .

1961 629 2018 675 8

2774 622 3011 728 Elf

436 366 479 402 2-

410 824 431 865 3
454 823 619 866 Infinite
634 824 765 866 power
781 825 860 866 and
877 825 1088 868 boundless
1106 826 1221 867 grace

453 866 506 904 In
520 866 605 906 him
626 868 736 908 unite
755 871 859 911 their
878 874 968 913 rays
978 876 993 913 ;

413 912 501 952 You
517 912 606 952 that
623 913 728 954 have
744 913 836 955 seen
856 914 916 954 his
934 914 1066 956 lovely
1084 915 1168 956 face
1170 916 1178 956 ,

456 960 538 1002 Can
556 960 634 1002 you
651 960 802 1002 forbear
820 960 882 1002 his
898 960 1026 1002 praise
1033 960 1053 1002 ?

500 210 665 249 292

410 1015 434 1056 4
459 1015 589 1056 When
607 1015 648 1056 in
663 1015 733 1056 the
751 1015 904 1056 earthly
923 1015 1051 1056 courts
1073 1015 1132 1056 we
1150 1015 1249 1056 view

456 1057 539 1095 The
554 1058 730 1097 beauties
745 1060 789 1097 of
801 1060 870 1098 our
886 1061 998 1099 King
1001 1063 1009 1099 ,

414 1100 488 1142 We
505 1100 599 1142 long
614 1101 654 1142 to
671 1101 758 1144 love
777 1102 817 1143 as
835 1102 971 1145 angels
987 1104 1036 1145 do
1040 1104 1048 1145 ,

455 1145 549 1184 And
567 1146 666 1185 wish
681 1147 761 1186 like
779 1147 888 1186 them
907 1149 947 1186 to
965 1149 1053 1188 sing
1055 1150 1063 1187 .

411 1204 433 1245 5
458 1204 549 1245 And
570 1204 672 1245 shall
689 1204 748 1245 we
763 1204 856 1245 long
875 1204 952 1245 and
972 1204 1070 1245 wish
1089 1204 1132 1245 in
1151 1204 1244 1245 vain
1256 1204 1276 1245 ?

457 1247 561 1286 Lord
566 1247 574 1286 ,
592 1247 707 1287 teach
727 1248 797 1287 our
817 1248 934 1289 songs
950 1249 991 1288 to
1007 1249 1083 1288 rise
1094 1249 1105 1288 !

413 1292 501 1330 Thy
517 1292 606 1330 love
622 1292 695 1331 can
713 1292 889 1332 animate
907 1293 975 1332 our
992 1294 1112 1332 strain
1120 1294 1129 1332 ,

456 1338 549 1370 And
568 1338 632 1370 bid
652 1338 683 1370 it
700 1338 813 1370 reach
833 1338 900 1370 the
916 1338 1021 1370 skies
1024 1338 1033 1370 .

411 1417 572 1450 293

410 1464 620 1509 PLUNGED
635 1466 676 1509 in
697 1466 719 1509 a
734 1466 821 1510 gulf
834 1467 876 1510 of
891 1467 991 1512 dark
1007 1467 1162 1512 despair
1165 1469 1173 1512 ,

457 1509 532 1550 We
548 1510 749 1552 wretched
763 1512 915 1554 sinners
931 1514 998 1555 lay
1002 1515 1012 1554 ,

413 1557 597 1598 Without
616 1558 691 1597 one
707 1558 877 1599 cheerful
897 1559 1008 1599 beam
1027 1560 1070 1599 of
1085 1560 1186 1599 hope
1189 1560 1197 1599 ,

454 1601 512 1644 Or
524 1600 643 1645 spark
659 1602 704 1645 of
714 1602 970 1646 glimmering
987 1604 1065 1647 day
1069 1604 1080 1647 .

479 1714 503 1757 (
500 1712 666 1757 293
671 1712 693 1755 )

440 1819 480 1859 3

436 1866 481 1907 4

986 1380 1095 1407 ANNE
1115 1381 1255 1408 STEELE
1257 1382 1265 1407 .

439 2350 476 2391 3
469 2350 497 2391 .

436 2399 478 2438 4

437 2111 475 2148 4

415 2209 450 2252 2.
464 2208 568 2253 With
605 2210 686 2254 pity
687 2210 700 2253 -
701 2210 763 2254 ing
804 2211 881 2255 eyes
887 2212 892 2255 ,
925 2212 986 2255 the
1002 2212 1130 2257 Prince
1150 2213 1187 2256 of
1222 2213 1328 2258 grace

416 2255 448 2302 3.
466 2255 578 2302 Down
594 2255 685 2302 from
707 2255 770 2302 the
805 2255 886 2302 shin
898 2255 909 2302 -
924 2255 984 2302 ing
1025 2255 1115 2302 seats
1159 2255 1178 2302 a
1197 2255 1211 2302 -
1233 2255 1322 2302 bove
1324 2255 1330 2302 ,

827 2117 859 2140 GRE

1018 2380 1074 2410 Fe

1755 218 1794 265 (
1868 215 1915 263 60
1923 215 1962 262 =
1976 214 2024 261 39
2024 214 2036 260 .
2034 214 2052 260 )

1448 2235 1457 2238 U

1522 833 1545 876 2
1572 833 1685 876 With
1702 833 1860 878 pitying
1878 834 1968 877 eyes
1973 834 1978 877 ,
1999 835 2067 878 the
2083 834 2223 879 Prince
2238 836 2281 879 of
2291 836 2409 880 grace

1569 874 1720 918 Beheld
1737 877 1808 919 our
1825 878 1994 923 helpless
2010 881 2114 925 grief
2115 883 2127 924 ;

1526 925 1590 965 He
1606 925 1685 965 saw
1690 925 1698 965 ,
1718 925 1798 965 and
1801 925 1831 965 -
1845 925 1877 965 O
1893 925 2081 965 amazing
2096 925 2187 965 love
2196 925 2212 965 !-

1570 970 1632 1005 He
1648 969 1718 1004 ran
1738 970 1777 1003 to
1796 968 1866 1003 our
1883 967 1995 1002 relief
1993 968 2002 1001 .

2229 372 2259 387 Fly

1524 1044 1545 1083 3
1571 1044 1698 1084 Down
1716 1045 1812 1085 from
1832 1046 1901 1086 the
1918 1046 2077 1087 shining
2096 1047 2197 1088 seats
2214 1048 2339 1089 above
2340 1050 2348 1089 ,

1571 1092 1684 1134 With
1695 1092 1823 1134 joyful
1839 1092 1953 1134 haste
1969 1092 2018 1134 he
2036 1092 2109 1134 fled
2121 1092 2132 1134 ;

1527 1131 1700 1172 Entered
1717 1133 1788 1172 the
1802 1133 1922 1174 grave
1941 1134 1980 1173 in
2002 1134 2145 1175 mortal
2162 1135 2261 1176 flesh
2264 1136 2274 1175 ,

1568 1181 1665 1220 And
1681 1181 1804 1220 dwelt
1819 1181 1967 1220 among
1982 1181 2051 1220 the
2068 1181 2167 1220 dead
2170 1181 2178 1220 .

1522 1258 1545 1290 4
1571 1258 1601 1290 O
1619 1258 1676 1290 for
1694 1258 1776 1290 this
1792 1258 1883 1290 love
1899 1258 1952 1290 let
1968 1258 2081 1290 rocks
2097 1258 2174 1290 and
2193 1258 2286 1290 hills
2283 1258 2297 1290 '

1571 1299 1688 1343 Their
1703 1300 1853 1344 lasting
1866 1301 2010 1345 silence
2028 1302 2147 1346 break
2150 1303 2160 1345 ,

1525 1341 1620 1379 And
1635 1343 1691 1380 all
1707 1343 1962 1383 harmonious
1983 1346 2135 1385 human
2153 1348 2320 1387 tongues

1571 1386 1655 1429 The
1673 1388 1874 1432 Saviour's
1890 1391 2035 1434 praises
2052 1393 2172 1437 speak
2177 1395 2188 1436 .

1524 1467 1547 1510 5
1571 1466 1719 1511 Angels
1725 1468 1731 1511 ,
1752 1468 1864 1513 assist
1881 1469 1950 1512 our
1968 1469 2126 1514 mighty
2139 1470 2229 1515 joys
2240 1472 2250 1515 ;

1568 1511 1698 1554 Strike
1715 1513 1769 1554 all
1784 1513 1884 1556 your
1901 1514 2019 1556 harps
2036 1515 2078 1556 of
2089 1515 2179 1558 gold
2192 1516 2201 1557 ;

1524 1556 1604 1600 But
1608 1556 1615 1599 ,
1631 1556 1747 1601 when
1764 1557 1843 1600 you
1861 1557 1960 1602 raise
1977 1558 2075 1603 your
2093 1559 2249 1604 highest
2266 1560 2379 1605 notes
2383 1561 2391 1604 ,

1569 1602 1647 1635 His
1660 1602 1754 1635 love
1770 1602 1843 1635 can
1861 1602 1968 1635 ne'er
1985 1602 2031 1635 be
2047 1602 2126 1635 told
2132 1602 2140 1635 .

2115 1648 2226 1676 ISAAC
2242 1650 2372 1677 WATTS
2373 1651 2381 1677 .

788 1711 1138 1755 GROTON
1153 1714 1163 1755 .
1219 1714 1284 1756 C.
1318 1715 1503 1757 M.-H.
1518 1717 1558 1758 C.
1573 1716 1735 1759 ZEUNER
1735 1718 1746 1759 .

927 1820 975 1912 e
989 1820 1090 1912 le

417 1952 448 1990 1.
466 1952 626 1993 Plunged
639 1954 677 1993 in
723 1955 752 1993 a
726 1957 748 2000 a
802 1957 884 2000 gulf
927 1957 968 2000 of
1009 1957 1100 2000 dark
1148 1957 1191 2000 de
1205 1957 1218 2000 -
1230 1957 1327 2000 spair
1330 1957 1337 2000 ,
1386 1957 1450 2000 We
1468 1957 1642 2000 wretched
1697 1955 1758 2001 sin
1769 1955 1785 2001 -
1794 1955 1878 2001 ners
1911 1955 1976 2001 lay
1979 1955 1989 2001 ,
2029 1955 2128 2001 With
2135 1955 2148 2001 -
2148 1955 2213 2001 out
2249 1955 2317 2001 one
2342 1955 2444 2001 cheer
2447 1955 2460 2001 -
2461 1955 2517 2001 ful
2541 1955 2642 2001 beam
2680 1955 2723 2001 of
2765 1955 2855 2001 hope
2860 1955 2866 2001 ,
2906 1955 2956 2001 Or
2980 1955 3088 2001 spark
3126 1955 3165 2001 of
3223 1955 3454 2001 glimmering
3469 1955 3540 2001 day
3543 1955 3553 2001 .

826 2040 868 2183 *

1835 1723 1860 1765 (
1883 1723 1923 1765 =
1931 1723 1978 1765 60
1988 1723 2025 1765 =
2041 1723 2086 1765 39
2088 1723 2096 1765 .
2099 1723 2114 1765 )

1880 1787 1987 1916 F

1386 2208 1436 2251 Be
1477 2208 1562 2251 held
1594 2208 1662 2252 our
1687 2209 1769 2252 help
1788 2209 1802 2252 -
1817 2209 1885 2252 less
1904 2210 1995 2253 grief
2004 2210 2012 2253 ;
2052 2210 2108 2253 He
2143 2210 2217 2254 saw
2220 2211 2226 2254 ,
2252 2211 2327 2254 and
2328 2211 2360 2254 -
2371 2211 2402 2254 O

2482 2227 2506 2246 a

1380 2255 1480 2302 With
1496 2255 1555 2302 joy
1574 2255 1586 2302 -
1601 2255 1656 2302 ful
1680 2255 1781 2302 haste
1812 2255 1856 2302 he
1914 2255 1979 2302 fled
1993 2255 2001 2302 ;
2052 2255 2105 2302 En
2121 2255 2133 2302 -
2144 2255 2238 2302 tered
2256 2255 2317 2302 the
2340 2255 2446 2302 grave
2476 2255 2515 2302 in

1403 2339 1547 2443 H

1836 2490 1912 2522 97

2641 783 2809 821 294

2637 834 2706 876 YE
2722 834 2920 878 wretched
2923 837 2931 878 ,
2949 837 3110 881 hungry
3113 839 3121 880 ,
3140 839 3321 883 starving
3336 842 3432 885 poor
3434 843 3442 884 ,

2683 880 2835 922 Behold
2854 882 2875 922 a
2893 882 3006 923 royal
3023 883 3122 925 feast
3130 884 3141 924 ;

2639 926 2790 969 Where
2806 926 2943 969 mercy
2959 926 3118 969 spreads
3136 926 3207 969 her
3224 926 3442 969 bounteous
3462 926 3565 969 store

2682 973 2759 1012 For
2777 973 2897 1012 every
2914 973 3076 1014 humble
3094 974 3207 1013 guest
3208 974 3217 1013 .

2527 2233 2541 2239 -

2638 1045 2662 1087 2
2684 1045 2757 1089 See
2760 1046 2769 1088 ,
2786 1046 2901 1091 Jesus
2916 1048 3052 1093 stands
3070 1050 3168 1094 with
3186 1052 3289 1096 open
3305 1054 3412 1099 arms
3424 1056 3434 1098 ;

2684 1089 2750 1132 He
2764 1090 2859 1133 calls
2862 1092 2870 1133 ,
2890 1093 2941 1135 he
2955 1093 3041 1136 bids
3056 1095 3137 1138 you
3154 1096 3268 1140 come
3269 1098 3278 1139 .

2639 1134 2751 1179 Guilt
2766 1135 2880 1180 holds
2897 1136 2976 1181 you
2994 1137 3092 1182 back
3097 1138 3104 1181 ,
3125 1138 3203 1183 and
3221 1139 3303 1183 fear
3318 1139 3464 1184 alarms
3472 1141 3483 1184 ;

2682 1182 2762 1223 But
2777 1182 2839 1223 see
2842 1182 2850 1223 ,
2868 1182 2982 1223 there
3001 1182 3069 1223 yet
3084 1182 3120 1223 is
3136 1182 3247 1223 room-

2637 1255 2658 1296 3
2684 1254 2804 1297 Room
2827 1256 2867 1297 in
2887 1256 2956 1299 the
2977 1257 3175 1299 Saviour's
3194 1258 3374 1301 bleeding
3392 1260 3509 1303 heart
3517 1261 3528 1302 :

2683 1300 2811 1343 There
2823 1303 2917 1345 love
2936 1305 3013 1346 and
3031 1306 3118 1348 pity
3137 1308 3242 1351 meet
3250 1310 3262 1350 ;

2638 1342 2722 1385 Nor
2742 1343 2826 1386 will
2841 1345 2891 1387 he
2908 1346 2972 1388 bid
2989 1346 3057 1389 the
3073 1347 3156 1390 soul
3173 1348 3310 1392 depart

2681 1392 2784 1424 That
2799 1392 2983 1426 trembles
3007 1393 3044 1425 at
3063 1393 3122 1426 his
3140 1394 3216 1426 feet
3220 1394 3231 1426 .

2637 1467 2660 1508 4
2685 1467 2778 1509 And
2795 1468 2863 1510 yet
2879 1469 2947 1511 ten
2964 1469 3166 1513 thousand
3184 1471 3381 1515 thousand
3400 1473 3510 1516 more

2681 1512 2761 1548 Are
2778 1513 2966 1551 welcome
2982 1516 3063 1552 still
3081 1518 3121 1553 to
3139 1519 3249 1555 come
3254 1521 3261 1555 .

2638 1555 2698 1598 Ye
2713 1555 2879 1600 longing
2896 1557 2999 1601 souls
3005 1558 3011 1600 ,
3032 1558 3101 1602 the
3118 1559 3231 1603 grace
3247 1560 3364 1604 adore
3377 1562 3387 1604 ;

2681 1602 2895 1647 Approach
2899 1604 2929 1647 -
2941 1604 3055 1648 there
3073 1604 3138 1648 yet
3155 1605 3186 1648 is
3204 1605 3312 1649 room
3319 1606 3329 1649 .

3215 1650 3325 1677 ANNE
3345 1651 3486 1678 STEELE
3488 1652 3496 1677 .

3133 2221 3168 2246 to

2557 2215 2738 2255 mazing
2760 2215 2843 2254 love
2851 2215 2862 2253 !
2864 2215 2965 2253 -He
3011 2214 3076 2253 ran

3231 2228 3296 2247 our

3381 2228 3420 2247 re

3477 2216 3545 2247 lief
3548 2217 3557 2246 .

2561 2259 2640 2298 mor
2654 2259 2669 2298 -
2680 2259 2733 2298 tal
2767 2259 2854 2298 flesh
2860 2259 2866 2298 ,
2900 2259 2980 2298 And
2998 2259 3106 2298 dwelt
3138 2259 3334 2298 among
3373 2259 3436 2298 the
3467 2259 3558 2298 dead
3562 2259 3572 2298 .
