1372 2186
489 240 576 272 FOR
596 241 758 273 PRAISE
760 243 771 273 .

196 325 217 358 2
239 325 360 361 Which
377 328 417 362 of
434 329 480 364 all
494 330 551 365 our
565 331 687 367 friends
691 334 699 367 ,
717 335 751 369 to
769 336 846 370 save
861 338 900 372 us
899 338 909 371 ,

284 372 391 406 Could
408 372 445 406 or
460 372 569 408 would
587 373 668 407 have
686 373 765 408 shed
783 374 833 408 his
849 374 951 408 blood

239 414 307 448 But
320 415 385 449 this
400 416 538 451 Saviour
556 418 630 452 died
649 419 683 451 to
700 419 783 453 have
802 421 838 453 us

282 462 484 494 Reconciled
501 464 534 493 in
554 465 633 495 Him
654 466 686 495 to
706 466 779 496 God
785 467 792 496 .

192 536 214 575 3
234 536 347 576 When
365 537 420 578 He
433 538 521 578 lived
540 539 580 578 on
599 539 691 580 earth
705 541 825 581 abased
827 542 836 581 ,

281 584 402 615 Friend
420 586 456 615 of
477 586 601 617 sinners
620 588 683 618 was
703 589 768 619 His
783 597 882 625 name
884 598 896 624 ;

234 623 323 665 Now
338 625 444 668 above
457 627 504 669 all
518 628 612 671 glory
627 630 735 672 raised
737 632 745 672 ,

277 670 335 709 He
349 671 486 711 rejoices
501 674 535 711 in
549 674 606 713 the
623 675 716 714 same
719 677 728 714 .

189 749 212 786 4
232 749 263 786 O
278 749 290 786 !
308 749 362 786 for
377 749 475 787 grace
492 750 551 787 our
562 750 672 787 hearts
690 750 727 787 to
740 751 850 788 soften
856 751 867 788 ,

279 794 391 833 Teach
408 794 445 833 us
449 794 454 833 ,
479 794 569 833 Lord
573 794 579 833 ,
600 794 631 833 at
648 794 761 833 length
780 794 815 833 to
834 794 910 833 love
915 794 926 833 :

231 835 297 871 We
298 836 306 870 ,
327 836 395 872 alas
410 838 420 872 !
441 838 548 874 forget
565 840 622 875 too
632 840 722 876 often
725 842 734 876 ,

277 880 379 912 What
395 881 413 911 a
431 881 551 913 Friend
568 882 616 913 we
634 883 715 914 have
733 883 838 915 above
837 884 846 914 .

191 959 276 984 135
296 959 331 984 P.
348 959 398 984 624
455 958 654 985 DUNBAR
663 959 669 984 .
690 959 723 985 S.
737 960 785 985 M.

274 1030 305 1067 #
305 1031 342 1068 6

302 1077 371 1111 80
371 1077 385 1111 .

230 1138 362 1202 ONE

295 1141 358 1180 NE
376 1141 510 1181 sweetly
530 1143 656 1182 solemn
674 1144 820 1185 thought

342 1182 463 1218 Comes
481 1184 515 1217 to
533 1185 586 1219 me
612 1186 677 1220 c'er
695 1187 760 1221 and
774 1188 843 1222 o'er
841 1189 851 1222 ,

229 1226 360 1265 Nearer
376 1228 430 1266 my
445 1228 579 1267 parting
596 1230 683 1268 hour
699 1231 752 1269 am
767 1232 788 1269 I

274 1271 370 1304 Than
389 1273 454 1305 e'er
472 1273 485 1304 I
505 1274 570 1306 was
591 1274 706 1307 before
707 1275 714 1306 .

847 957 991 987 M.B.
1003 960 1056 988 924

185 1336 208 1373 2
229 1336 362 1376 Nearer
373 1338 429 1377 my
448 1339 598 1379 Father's
614 1341 723 1381 house
723 1343 733 1380 ,

275 1381 398 1420 Where
413 1382 511 1421 many
528 1383 697 1421 mansions
715 1384 759 1421 be
763 1384 773 1421 ;

229 1418 361 1463 Nearer
372 1421 433 1464 the
447 1422 567 1466 throne
583 1425 693 1469 where
703 1428 799 1471 Jesus
815 1430 908 1474 reign
908 1432 918 1473 ,-

273 1463 404 1505 Nearer
417 1468 476 1507 the
491 1470 614 1512 crystal
628 1475 684 1514 sea
687 1477 699 1514 ;

921 1449 949 1454 encar

980 245 1066 286 103

897 1312 1005 1342 oidT
1033 1314 1052 1342 &

964 689 1055 778 11

183 1535 206 1573 3
227 1535 357 1576 Nearer
371 1537 428 1576 my
441 1538 544 1579 going
559 1540 660 1581 home
661 1542 669 1580 ,

273 1583 403 1622 Laying
418 1583 473 1621 my
485 1583 611 1623 burden
629 1584 726 1622 down
730 1585 738 1623 ,

227 1623 377 1666 Leaving
392 1624 448 1665 my
463 1625 551 1666 cross
571 1625 609 1666 of
628 1625 733 1667 heavy
750 1626 838 1667 grief
834 1626 844 1667 ,

272 1669 432 1708 Wearing
446 1671 504 1709 my
519 1671 623 1710 starry
643 1673 750 1711 crown
758 1674 768 1711 ;
815 1674 871 1712 nos
888 1675 934 1712 La
936 1675 965 1712 A

1029 396 1051 423 2

184 1747 206 1783 4
228 1747 356 1784 Nearer
367 1748 440 1786 that
458 1749 580 1787 hidden
596 1751 712 1789 stream
717 1753 726 1789 ,

267 1790 428 1832 Winding
437 1792 581 1832 through
596 1793 712 1834 shades
731 1795 769 1834 of
787 1795 882 1836 night
884 1796 892 1835 ,

224 1833 363 1875 Rolling
376 1835 418 1875 its
436 1835 512 1877 cold
514 1836 520 1876 ,
543 1836 624 1878 dark
644 1836 751 1878 waves
770 1838 920 1879 between

274 1876 334 1913 Me
347 1877 414 1916 and
428 1879 487 1917 the
502 1881 606 1919 world
622 1884 661 1921 of
677 1885 766 1924 light
766 1887 776 1923 .

853 1546 877 1575 11
893 1546 1007 1575 Feno

903 1588 962 1617 ide

951 1775 1015 1810 674
1032 1781 1056 1813 2
