2113 3358
219 266 322 322 No.
349 266 480 322 108.
549 266 722 322 FROM
759 266 981 322 EVERY
1017 266 1274 322 STORMY
1307 266 1485 322 WIND
1491 266 1503 322 .

274 386 343 413 REV
345 386 352 413 .
367 386 468 414 HUGH
485 386 634 415 STOWELL
638 387 643 414 ,
658 388 724 415 1832
726 388 733 415 .

312 481 353 519 6

261 613 293 656 1.
320 613 424 656 From
445 613 548 656 every
565 613 701 656 stormy
720 613 812 656 wind
831 613 910 656 that
927 613 1035 656 blows
1040 613 1046 656 ,
1068 613 1174 656 From
1191 613 1298 656 every

260 667 293 709 2.
317 667 433 709 There
460 667 489 709 is
528 667 550 709 a
569 667 669 709 place
689 667 804 709 where
821 667 924 709 Jesus
944 667 1048 709 sheds
1067 667 1143 709 The
1175 667 1226 709 oil
1251 667 1291 709 of

231 772 287 826 9
285 772 305 825 :
307 772 347 825 6

304 819 349 855 4

905 387 1037 412 Retreat
1040 387 1049 412 .
1085 387 1119 412 L.
1139 387 1179 412 M.

768 998 863 1088 李

1337 1014 1467 1099 666

1699 974 1832 1082 all

297 1133 410 1160 There
432 1133 464 1160 is
524 1133 547 1168 a
588 1133 680 1168 calm
686 1133 698 1168 ,
711 1133 734 1168 a
778 1130 861 1170 sure
882 1130 1013 1170 retreat
1016 1130 1023 1170 ,
1048 1130 1062 1170 '
1060 1130 1119 1170 Tis
1141 1130 1252 1170 found
1271 1130 1421 1170 beneath
1443 1130 1503 1170 the
1522 1130 1597 1170 mer
1597 1130 1611 1170 -
1614 1130 1658 1170 cy
1681 1130 1756 1170 seat
1759 1130 1768 1170 .

297 1186 330 1227 A
389 1186 494 1227 place
516 1186 557 1227 of
564 1186 619 1227 all
631 1186 672 1227 on
688 1186 786 1227 earth
803 1186 894 1227 most
907 1186 1010 1227 sweet
1022 1186 1030 1227 ;
1046 1186 1082 1227 It
1105 1186 1132 1227 is
1159 1186 1219 1227 the
1245 1186 1349 1227 blood
1354 1186 1364 1227 -
1366 1186 1505 1227 bought
1509 1186 1518 1227 -
1522 1186 1596 1227 mer
1599 1186 1611 1227 -
1614 1186 1658 1227 cy
1680 1186 1755 1227 seat
1757 1186 1764 1227 .

431 1235 467 1270 d

226 1290 305 1347 9

263 1836 413 1866 WILLIAM
432 1837 566 1867 COWPER
568 1839 575 1867 ,
588 1839 654 1868 1779
656 1840 664 1868 .

349 1923 383 1957 6

340 1965 383 2005 4

213 1432 236 1474 3
256 1432 373 1474 There
388 1432 417 1474 is
436 1432 455 1474 a
470 1432 572 1475 scene
593 1433 709 1475 where
726 1433 846 1476 spirits
868 1434 973 1476 blend
979 1434 984 1476 ,
1009 1434 1019 1476 |
1027 1434 1048 1476 4
1073 1435 1187 1477 There
1191 1435 1197 1477 ,
1213 1435 1313 1477 there
1330 1435 1374 1478 on
1394 1436 1494 1478 eagle
1511 1436 1623 1478 wings
1639 1437 1692 1479 we
1706 1437 1788 1479 soar
1790 1437 1798 1479 ,

212 1478 343 1523 Where
354 1478 469 1523 friend
481 1478 546 1523 holds
558 1478 757 1523 fellowship
770 1478 855 1523 with
874 1478 987 1523 friend
993 1478 999 1523 ;
1029 1478 1109 1523 And
1127 1478 1181 1523 sin
1202 1478 1270 1523 and
1291 1478 1389 1523 sense
1406 1478 1534 1523 molest
1550 1478 1597 1523 no
1615 1478 1713 1523 more
1719 1478 1729 1523 ;

211 1523 289 1564 Tho
291 1523 303 1563 '
317 1523 491 1565 sundered
510 1525 562 1565 far
568 1525 574 1565 ,
593 1525 636 1565 by
655 1526 746 1567 faith
765 1526 851 1568 they
871 1527 962 1568 meet
1029 1523 1110 1561 And
1129 1523 1265 1563 heaven
1286 1524 1405 1563 comes
1423 1525 1522 1564 down
1541 1526 1584 1564 our
1602 1526 1665 1564 souls
1676 1526 1701 1565 to
1711 1527 1808 1566 greet
1811 1527 1820 1565 ,

211 1568 361 1607 Around
379 1570 446 1608 one
463 1571 627 1609 common
648 1572 768 1610 mercy
786 1574 861 1612 seat
863 1575 871 1611 .
1028 1570 1111 1610 And
1128 1570 1231 1610 glory
1249 1570 1383 1612 crowns
1405 1571 1466 1611 the
1485 1571 1604 1612 mercy
1622 1572 1697 1612 seat
1700 1572 1708 1612 .

230 1722 338 1769 No.
367 1722 497 1769 109.
594 1718 672 1777 OH
679 1718 691 1777 ,
726 1718 848 1777 FOR
887 1718 930 1777 A
965 1718 1202 1777 CLOSER
1237 1718 1432 1777 WALK
1432 1718 1447 1777 .

292 2270 428 2305 9-4-2-

1002 1335 1027 1349 M

460 2385 529 2452 J

1443 389 1477 416 T.
1498 389 1661 416 HASTINGS
1664 389 1670 416 ,
1684 389 1753 416 1840
1753 389 1760 416 .

1702 451 1774 546 $

1330 613 1491 656 swelling
1517 613 1590 656 tide
1614 613 1655 656 of
1675 613 1764 656 woes
1766 613 1775 656 ,

1332 667 1497 709 gladness
1523 667 1567 709 on
1591 667 1659 709 our
1673 667 1786 709 heads-

849 1838 1028 1864 Ortonville
1031 1838 1039 1864 .
1076 1838 1109 1864 C.
1129 1838 1168 1864 M.

223 2760 276 2805 9
264 2760 302 2805 :
304 2760 345 2805 2

204 2891 226 2926 3
248 2891 326 2927 The
343 2891 479 2928 dearest
497 2892 572 2929 idol
591 2894 606 2929 I
628 2894 718 2930 have
735 2894 864 2931 known
869 2896 878 2931 ,

295 2939 475 2973 Whate'er
488 2939 568 2973 that
584 2939 658 2973 idol
676 2939 717 2973 be
721 2939 729 2973 ,

250 2984 348 3024 Help
368 2984 425 3024 me
441 2984 477 3024 to
494 2984 568 3024 tear
587 2984 615 3024 it
631 2984 719 3024 from
741 2984 819 3024 Thy
836 2984 967 3024 throne
968 2984 977 3024 ,

296 3031 378 3068 And
396 3031 549 3068 worship
568 3031 654 3068 only
674 3031 771 3068 Thee
773 3031 782 3068 .

467 3082 496 3115 9

273 2052 305 2095 1.
329 2052 384 2095 Oh
389 2052 396 2095 ,
414 2052 468 2095 for
485 2052 505 2095 a
523 2052 634 2095 closer
653 2052 745 2095 walk
759 2052 844 2095 with
860 2052 938 2095 God
943 2052 949 2095 ,
964 2052 993 2095 A
1009 2052 1100 2095 calm
1115 2052 1184 2095 and
1200 2052 1310 2095 heavenly
1327 2052 1399 2095 frame
1409 2052 1420 2095 :
1431 2052 1459 2095 A
1479 2052 1573 2095 light
1588 2052 1621 2095 to
1636 2052 1738 2095 shine
1750 2052 1798 2095 up-

272 2109 304 2152 2.
329 2108 466 2151 Return
472 2109 478 2151 ,
496 2109 526 2151 O
543 2108 627 2150 holy
648 2108 747 2150 Dove
751 2108 756 2150 ,
776 2107 897 2149 return
902 2107 908 2149 ,
927 2106 1038 2149 Sweet
1053 2105 1250 2149 messenger
1265 2105 1303 2147 of
1314 2105 1383 2147 rest
1395 2105 1402 2147 !
1429 2105 1446 2147 I
1462 2104 1543 2147 hate
1554 2104 1614 2146 the
1628 2104 1697 2146 sins
1712 2103 1791 2146 that

1672 2214 1715 2250 8

1304 2198 1451 2333 F

1418 1840 1470 1868 Dr.
1483 1839 1648 1869 HASTINGS
1651 1841 1658 1869 ,
1669 1841 1738 1869 1837
1739 1841 1747 1869 .

1661 1912 1789 1997 !!

854 2434 977 2525 7

1684 2426 1811 2549 1

336 2570 380 2605 on
400 2570 460 2605 the
476 2570 560 2605 road
587 2570 679 2605 That
698 2570 795 2605 leads
812 2570 867 2605 me
887 2570 921 2605 to
940 2570 1001 2605 the
1020 2570 1133 2605 Lamb
1145 2570 1153 2605 !
1180 2570 1273 2605 That
1291 2570 1387 2605 leads
1405 2570 1460 2605 me
1479 2570 1512 2605 to
1531 2570 1590 2605 the
1617 2570 1730 2605 Lamb
1737 2570 1750 2605 !

249 2627 353 2669 made
365 2627 461 2669 Thee
472 2627 596 2669 mourn
602 2627 607 2669 ,
619 2627 670 2669 And
682 2627 749 2669 drove
763 2627 855 2669 Thee
866 2627 954 2669 from
969 2627 1028 2669 my
1039 2627 1153 2669 breast
1158 2627 1163 2669 ,
1176 2627 1225 2669 And
1237 2627 1304 2669 drove
1320 2627 1416 2669 Thee
1436 2627 1528 2669 from
1547 2627 1607 2669 my
1625 2627 1741 2669 breast
1744 2627 1752 2669 .

463 2688 582 2747 12

1438 2740 1489 2786 多

1022 2734 1180 2873 市

1589 2735 1739 2856 Hif

1016 2892 1038 2933 4
1061 2892 1105 2933 So
1123 2892 1218 2933 shall
1235 2892 1295 2933 my
1314 2892 1406 2933 walk
1425 2892 1465 2933 be
1483 2892 1579 2933 close
1596 2892 1682 2933 with
1699 2892 1779 2933 God
1783 2892 1794 2933 ,

1105 2935 1204 2974 Calm
1225 2937 1295 2975 and
1312 2937 1433 2976 serene
1451 2939 1508 2977 my
1527 2939 1640 2978 frame
1650 2941 1662 2978 ;

1060 2982 1106 3025 So
1122 2981 1229 3024 purer
1246 2980 1341 3023 light
1357 2979 1449 3021 shall
1468 2977 1567 3020 mark
1585 2976 1646 3018 the
1662 2975 1748 3018 road

1105 3026 1198 3060 That
1215 3026 1314 3060 leads
1330 3026 1385 3060 me
1403 3026 1437 3060 to
1454 3026 1513 3060 the
1536 3026 1649 3060 Lamb
1651 3026 1660 3060 .
