2568 3826
357 362 401 394 16

441 857 468 888 -D-

497 500 525 524 A
542 500 680 527 tempo
684 504 696 527 .

378 1411 545 1465 925

439 1457 521 1499 -2-2

370 2902 451 2967 9

374 3324 438 3381 9
428 3324 462 3380 :

471 2199 512 2232 4

468 2244 513 2280 4

373 2466 425 2524 9
425 2464 445 2520 :
471 2459 514 2517 4

470 2515 513 2552 4

359 1659 484 1690 David.-

402 1726 504 1766 Thou
529 1726 609 1766 hast
631 1726 802 1766 ascended
822 1726 865 1766 on
885 1726 970 1766 high
974 1726 980 1766 ,
1003 1726 1086 1766 thou
1106 1726 1184 1766 hast
1199 1726 1258 1766 led

357 1781 526 1826 captivity
544 1780 680 1825 captive
690 1781 697 1824 :
724 1781 809 1824 thou
836 1780 912 1824 hast
930 1779 1087 1824 received
1105 1779 1187 1823 gifts
1207 1779 1258 1822 for

357 1839 435 1879 men
449 1840 458 1878 ;
490 1838 557 1877 yea
559 1838 566 1876 ,
595 1837 648 1876 for
677 1836 735 1875 the
762 1834 948 1875 rebellious
978 1833 1049 1873 also
1054 1834 1060 1872 ,
1092 1832 1167 1872 that
1194 1831 1256 1870 the

359 1889 468 1932 LORD
500 1889 579 1932 God
610 1889 723 1932 might
755 1889 860 1932 dwell
893 1889 1018 1932 among
1051 1889 1146 1932 them
1191 1889 1204 1932 (
1204 1889 1245 1932 Ps
1249 1889 1256 1932 .

354 1945 458 1985 lxviii
459 1948 469 1985 .
493 1949 545 1987 18.
545 1950 560 1987 )

968 366 1119 408 JESUS
1142 366 1206 406 OF
1230 363 1511 406 NAZARETH
1532 363 1595 403 IN

546 1274 630 1312 here
631 1274 638 1312 ,
686 1274 733 1312 he
759 1274 790 1312 is
807 1274 871 1312 not
888 1274 971 1312 here
975 1274 981 1312 ,
1015 1274 1079 1312 but
1123 1274 1153 1312 is

561 696 621 735 He
664 696 696 735 is
741 696 804 735 not
826 696 911 735 here
914 696 919 735 ,
941 696 984 735 he
1009 696 1039 735 is
1066 696 1128 735 not
1145 696 1229 735 here
1232 696 1240 735 ,
1258 696 1323 735 but
1357 696 1389 735 is
1459 697 1533 738 ris-
1546 697 1590 737 en
1598 697 1607 737 ;
1629 697 1646 737 [
1646 695 1905 737 Instrument
1911 696 1919 736 .
1926 696 1942 736 ]
1957 695 2012 736 He
2037 695 2069 735 is
2096 695 2162 735 not

518 2159 591 2181 Con
616 2159 720 2182 Brio
725 2160 735 2182 .

1128 1595 1427 1624 ASCENSION
1438 1595 1447 1624 .

1281 1276 1330 1304 ris

1634 494 1678 523 PP

1480 1285 1521 1312 en
1526 1286 1534 1311 ,
1589 1274 1656 1305 but
1699 1276 1733 1305 is

607 3037 802 3160 #

474 3202 573 3245 King
594 3203 635 3244 of
676 3201 821 3244 glory
866 3200 964 3242 shall
981 3199 1079 3242 come
1095 3200 1133 3241 in
1137 3200 1143 3241 ,

730 2058 827 2137 No.
850 2058 905 2136 8.
976 2057 1071 2136 Lift
1099 2057 1166 2135 up
1193 2055 1324 2135 your
1359 2055 1523 2134 Heads
1531 2055 1541 2133 ,
1575 2055 1614 2133 O
1637 2055 1703 2133 ye
1728 2053 1884 2133 Gates
1884 2054 1903 2132 .

1851 1275 1903 1305 ris

2066 503 2142 588 E

2056 1287 2097 1307 en
2102 1288 2109 1306 .

1309 1659 1429 1689 School.-

1351 1721 1435 1758 And
1460 1721 1502 1758 he
1526 1721 1583 1759 led
1609 1722 1702 1759 them
1728 1722 1789 1760 out
1806 1723 1839 1760 as
1857 1723 1907 1760 far
1926 1723 1959 1761 as
1978 1724 2012 1761 to
2033 1724 2187 1762 Bethany
2190 1725 2197 1762 ,

1308 1779 1376 1822 and
1402 1778 1444 1821 he
1469 1778 1566 1821 lifted
1595 1778 1639 1821 up
1659 1777 1709 1820 his
1728 1777 1836 1820 hands
1855 1776 1920 1820 and
1939 1775 2073 1819 blessed
2091 1775 2184 1819 them
2191 1775 2197 1818 .

1354 1837 1435 1877 And
1451 1837 1480 1876 it
1495 1837 1590 1876 came
1606 1836 1642 1875 to
1660 1836 1735 1875 pass
1741 1836 1746 1875 ,
1765 1835 1868 1875 while
1882 1835 1924 1874 he
1940 1834 2072 1874 blessed
2091 1834 2184 1873 them
2189 1834 2197 1873 ,

1309 1889 1353 1932 he
1370 1889 1438 1932 was
1455 1889 1576 1932 parted
1594 1889 1682 1932 from
1700 1889 1795 1932 them
1801 1889 1807 1932 ,
1827 1889 1896 1932 and
1913 1889 2045 1932 carried
2063 1889 2111 1932 up
2128 1889 2201 1932 into

1309 1950 1442 1976 heaven
1446 1950 1455 1976 .

513 2338 591 2384 Lift
604 2338 655 2384 up
669 2338 764 2384 your
774 2338 882 2384 heads
887 2338 892 2384 ,
907 2338 952 2384 oh
958 2338 964 2384 ,
977 2338 1020 2384 ye
1043 2338 1139 2384 gates
1144 2338 1150 2384 ,
1174 2338 1245 2384 Lift
1264 2338 1312 2384 up
1331 2338 1421 2384 your
1439 2338 1546 2384 heads
1551 2338 1556 2384 ,
1574 2338 1618 2384 oh
1625 2338 1630 2384 ,
1647 2338 1690 2384 ye
1700 2338 1797 2384 gates
1802 2338 1808 2384 ,
1828 2338 1902 2384 Lift
1913 2338 1961 2384 up
1975 2338 2065 2384 your
2080 2338 2188 2384 heads
2190 2338 2201 2384 ,

1238 3195 1310 3237 and
1327 3196 1389 3238 the
1408 3198 1507 3239 King
1521 3200 1566 3241 of
1588 3200 1650 3242 glo
1663 3202 1678 3242 -
1687 3202 1730 3244 ry

2106 1103 2200 1200 E

501 2782 546 2825 oh
550 2782 558 2825 ,
578 2782 623 2825 ye
653 2782 753 2825 gates
755 2782 763 2825 ,
813 2782 882 2825 and
916 2782 957 2825 be
1004 2782 1047 2825 ye
1086 2782 1147 2825 lift
1168 2782 1180 2825 -
1193 2782 1234 2825 ed
1275 2782 1323 2825 up
1330 2782 1337 2825 ,
1368 2782 1415 2825 ye
1458 2777 1819 2822 everlasting
1845 2776 1947 2818 doors
1959 2776 1967 2816 ;
1995 2774 2078 2816 And
2096 2773 2156 2814 the

1818 3193 1917 3234 shall
1930 3196 2032 3236 come
2052 3199 2094 3238 in
2103 3200 2113 3238 ;
