2148 3185
234 727 290 778 9
273 726 312 777 :

321 1248 402 1299 2-5

287 1290 393 1328 -2-22²²-

774 959 912 1079 2

375 1114 489 1145 When
501 1114 563 1145 the
585 1114 641 1145 sor
645 1114 654 1145 -
660 1114 726 1145 row
756 1114 824 1145 and
851 1114 912 1145 the
950 1114 1013 1145 sad
1017 1114 1029 1145 -
1030 1114 1110 1145 ness

373 1159 557 1198 Hoping
560 1159 566 1198 ,
580 1159 681 1198 when
693 1159 753 1198 the
767 1159 836 1198 war
841 1159 853 1198 -
854 1159 956 1198 fare's
975 1159 994 1198 o
1011 1159 1024 1198 -
1041 1159 1102 1198 ver
1106 1159 1113 1198 ,

238 2800 295 2855 9
275 2800 317 2855 :

431 297 611 347 ONLY
643 297 933 347 WAITING
941 297 950 347 .
1009 297 1069 347 8s
1094 297 1131 347 &
1161 297 1217 347 7s
1223 297 1232 347 ,
1254 297 1378 347 with
1411 297 1605 347 Chorus
1611 297 1622 347 .

415 602 450 632 1.
470 602 492 632 I

538 602 594 644 am
619 602 706 644 wait
706 602 719 644 -
720 602 783 644 ing
803 602 864 644 for
906 602 966 644 the
984 602 1149 644 morning

416 649 452 678 2.
470 647 495 676 I
539 643 595 687 am
609 643 694 687 wait
696 643 709 687 -
711 643 775 687 ing
786 643 881 687 worn
901 643 970 687 and
984 643 1056 687 wea
1076 643 1089 687 -
1104 643 1144 687 ry

398 731 434 764 4

233 2297 297 2353 9
265 2298 321 2354 :

298 2346 327 2383 -D
331 2347 351 2384 -
349 2347 385 2384 b₂²

237 1777 301 1838 9
268 1776 316 1837 :
299 1773 446 1836 257

425 1440 600 1463 CHORUS
604 1440 614 1463 .

374 2827 398 2855 D

1331 381 1389 413 JAS
1393 383 1401 413 .
1422 383 1461 414 H.
1483 384 1651 418 FILLMORE
1655 387 1660 417 ,
1678 387 1717 419 by
1741 388 1799 420 per
1802 390 1810 420 .

395 2670 451 2710 for
475 2670 533 2709 my
547 2668 712 2709 welcome
714 2668 722 2707 ,

396 2714 451 2754 for
477 2714 533 2753 my
545 2712 708 2753 welcome
713 2712 719 2751 ,
734 2712 785 2751 for
801 2711 858 2750 my
873 2709 1035 2750 welcome
1041 2710 1051 2749 ,

1208 602 1259 644 Of
1289 602 1350 644 the
1390 602 1525 644 blessed
1550 602 1620 644 day
1666 602 1702 644 to
1723 602 1828 644 dawn
1829 602 1839 644 ,

1180 643 1279 687 With
1292 643 1351 687 the
1376 643 1524 687 battle
1548 643 1616 687 and
1642 643 1703 687 the
1719 643 1820 687 strife
1823 643 1832 687 ,

1803 300 1876 340 59

1162 947 1223 1051 1

1667 968 1796 1067 19
1799 966 1837 1061 :

1179 1108 1229 1149 Of
1235 1108 1308 1149 this
1317 1109 1507 1152 changeful
1532 1112 1597 1153 life
1624 1113 1684 1154 are
1706 1114 1798 1156 gone
1800 1115 1810 1155 .

1185 1160 1234 1190 To
1282 1160 1317 1190 re
1321 1160 1332 1190 -
1336 1160 1434 1190 ceive
1470 1160 1488 1190 a
1506 1160 1622 1190 crown
1641 1160 1680 1190 of
1722 1160 1790 1190 life
1792 1160 1801 1190 .

1372 1500 1410 1538 g

418 1628 437 1659 I

469 1625 521 1657 am
545 1621 632 1654 wait

1011 1624 1072 1665 ing
1075 1624 1081 1664 ,
1118 1624 1160 1664 on
1174 1624 1187 1664 -
1201 1624 1236 1664 ly
1263 1623 1350 1664 wait
1350 1623 1363 1663 -
1364 1623 1426 1663 ing
1428 1623 1438 1663 ,

418 1670 440 1714 I
471 1669 523 1713 am
546 1669 631 1713 wait
632 1669 644 1713 -
647 1668 709 1712 ing
710 1668 715 1712 ,
735 1667 881 1712 waiting
887 1667 893 1711 ,
917 1666 1062 1712 waiting
1066 1667 1072 1711 ,
1114 1666 1157 1710 on
1177 1666 1188 1710 -
1202 1666 1237 1710 ly
1266 1665 1348 1710 wait
1352 1665 1363 1709 -
1367 1665 1426 1709 ing
1432 1665 1437 1709 ,
1456 1665 1539 1709 only
1553 1663 1700 1709 waiting

375 2147 445 2167 wea

746 2135 785 2174 ry
810 2134 874 2173 life
891 2134 920 2171 is
946 2132 1021 2171 o'er
1027 2132 1040 2169 ;

1783 2135 1848 2177 ing

1320 2136 1375 2169 On
1379 2135 1392 2167 -
1393 2134 1428 2167 ly
1450 2132 1536 2166 wait

373 2178 464 2221 wea-
475 2178 515 2221 ry
517 2178 527 2221 ,
538 2178 655 2221 weary
657 2178 667 2221 ,
678 2178 792 2221 weary
797 2178 835 2221 -
841 2178 902 2221 till
912 2178 982 2221 this
995 2178 1109 2221 weary
1123 2178 1185 2221 life
1198 2178 1225 2221 is
1237 2178 1309 2221 o'er
1316 2178 1325 2221 ;
1335 2178 1428 2221 Only
1444 2178 1589 2221 waiting
1591 2178 1598 2221 ,
1604 2178 1752 2221 waiting
1753 2178 1763 2221 ,
1765 2178 1865 2221 waiting

1683 1624 1757 1656 Till
1765 1623 1838 1655 this

1623 2517 1793 2618 12

1254 2606 1386 2662 sus

974 2668 1078 2706 From
1092 2668 1150 2706 my
1165 2668 1317 2706 Saviour
1342 2668 1385 2706 on
1426 2668 1488 2700 the
1518 2668 1655 2700 other
1666 2668 1770 2700 shore
1773 2668 1781 2700 .

1857 2524 1874 2610 KURN

1859 2792 1873 2877 ---
