1432 2176
622 280 789 305 MISSIONS
791 283 799 305 .

254 353 441 398 Trav'ller
441 357 450 398 ,
466 357 544 400 o'er
557 359 636 401 yon
653 360 884 406 mountain's
902 364 1041 408 height
1041 367 1051 408 ,

298 394 370 438 See
384 396 471 440 that
484 399 593 443 glory
595 402 609 443 -
610 402 790 449 beaming
806 407 884 451 star
884 409 896 450 .

253 439 484 486 Watchman
486 445 496 486 ,
511 445 604 488 does
624 448 676 490 its
693 449 902 496 beauteous
914 454 985 498 ray

296 486 429 533 Aught
441 489 489 534 of
497 489 601 535 hope
618 491 659 536 or
676 491 743 537 joy
762 493 913 539 foretell
921 495 941 539 ?

251 528 434 576 Trav'ller
435 533 442 576 ,
460 533 528 578 yes
540 535 549 578 ;
571 536 605 580 it
620 536 751 583 brings
767 540 834 585 the
852 542 925 587 day
928 544 938 587 ,

295 573 480 622 Promis'd
500 577 574 624 day
590 579 638 625 of
644 581 768 628 Israel
767 584 780 628 .

204 652 227 692 2
252 652 481 697 Watchman
485 658 493 697 ,
508 659 577 700 tell
592 660 636 701 us
653 662 698 702 of
707 664 775 705 the
791 665 906 708 night
913 668 924 707 :

292 697 445 740 Higher
457 701 526 741 yet
539 702 624 744 that
639 705 715 747 star
732 707 894 751 ascends
895 711 904 750 .

247 739 434 785 Trav'ller
434 744 443 785 ,
459 744 701 791 blessedness
717 750 796 793 and
811 752 914 796 light
913 755 923 796 ,

291 782 413 828 Peace
425 786 505 831 and
518 788 628 834 truth
632 792 640 834 ,
655 793 704 836 its
721 794 854 841 course
869 798 1056 846 portends
1059 804 1068 846 .

247 831 476 875 Watchman
480 836 489 875 ,
507 836 586 877 will
602 838 653 879 its
670 839 803 881 beams
819 842 935 884 alone

290 875 382 920 Gild
396 878 466 921 the
480 879 568 924 spot
583 881 669 926 that
682 883 779 928 gave
793 885 902 930 them
919 887 1027 932 birth
1036 890 1055 932 ?

243 915 430 963 Trav'ller
431 922 440 962 ,
454 923 543 966 ages
558 926 626 969 are
637 929 689 972 its
705 932 793 975 own
796 935 807 975 ,

288 965 358 1000 See
368 967 378 1000 !
399 968 432 1002 it
448 968 572 1004 bursts
591 971 669 1006 o'er
686 973 738 1007 all
754 974 822 1009 the
840 975 949 1011 earth
954 978 962 1011 .

197 1040 220 1082 3
243 1040 472 1087 Watchman
476 1046 484 1087 ,
501 1047 570 1090 tell
586 1048 630 1091 us
646 1050 693 1092 of
704 1051 772 1095 the
789 1053 903 1098 night
903 1056 912 1097 ,

284 1089 361 1131 For
375 1091 443 1133 the
459 1092 642 1136 morning
657 1096 781 1139 seems
798 1099 839 1141 to
854 1100 969 1142 dawn
972 1103 981 1143 .

239 1131 423 1175 Trav'ller
424 1136 433 1175 ,
449 1136 641 1179 darkness
654 1140 765 1182 takes
780 1143 833 1184 its
847 1144 962 1186 flight
961 1147 970 1186 ,

283 1176 415 1214 Doubt
428 1179 507 1216 and
522 1182 647 1219 terror
662 1184 728 1220 are
744 1186 975 1226 withdrawn
978 1192 988 1226 .

238 1217 470 1269 Watchman
476 1224 484 1269 ,
500 1225 557 1272 let
571 1227 643 1274 thy
661 1229 892 1281 wand'rings
906 1235 1018 1284 cease
1025 1239 1035 1284 ;

284 1266 362 1309 Hie
375 1268 468 1311 thee
483 1271 524 1312 to
538 1272 612 1315 thy
626 1274 737 1316 quiet
750 1277 870 1320 home
867 1280 877 1320 .

238 1304 422 1349 Trav'ller
425 1310 433 1349 ,
449 1311 486 1351 lo
497 1312 507 1351 !
531 1313 600 1355 the
617 1316 750 1359 Prince
766 1320 812 1360 of
820 1322 938 1364 peace
941 1326 951 1365 ,

280 1351 336 1388 Lo
344 1353 356 1387 !
379 1354 448 1391 the
465 1357 541 1394 Son
559 1360 603 1395 of
617 1362 698 1398 God
716 1365 748 1400 is
766 1366 875 1404 come
876 1370 886 1404 .

188 1446 282 1477 853

1059 631 1115 658 ak

664 1453 707 1486 7s
707 1455 717 1486 .

319 1504 345 1547 "
347 1504 402 1548 Go
423 1505 464 1548 ye
485 1505 655 1551 therefore
652 1508 672 1551 "
677 1508 805 1553 -Mat
807 1510 814 1553 .
830 1510 962 1555 xxviii
973 1512 985 1555 :
1005 1512 1051 1556 19
1051 1513 1063 1556 .

186 1567 206 1611 1
233 1567 289 1612 Go
293 1568 302 1612 ,
320 1568 369 1614 ye
387 1569 625 1617 messengers
641 1573 687 1619 of
700 1574 784 1620 God
793 1575 807 1619 !

276 1608 373 1654 Like
387 1611 458 1656 the
472 1614 603 1661 beams
620 1619 665 1662 of
676 1620 857 1668 morning
874 1626 925 1671 fly
926 1628 938 1670 ,

228 1653 333 1698 Take
349 1657 418 1700 the
434 1659 594 1705 wonder
596 1664 609 1705 -
611 1664 786 1711 working
801 1669 873 1713 rod
876 1672 885 1713 ,

274 1698 397 1742 Wave
410 1702 480 1745 the
503 1704 653 1749 banner
655 1708 669 1748 -
670 1708 771 1752 cross
787 1711 836 1753 on
855 1713 951 1756 high
953 1716 963 1756 .

181 1767 205 1810 2
229 1767 373 1813 Where
386 1771 429 1814 th
433 1772 445 1814 '
459 1772 631 1819 aspirant
648 1777 811 1823 minaret

273 1808 426 1858 Gleams
441 1813 561 1861 along
574 1816 643 1864 the
660 1818 840 1869 morning
854 1824 958 1873 skies
959 1827 969 1872 ,

431 1868 476 1898 45

1146 283 1208 312 701

1116 583 1147 612 W

988 1459 1179 1498 MARSDEN
1180 1468 1190 1498 .
