3785 2720
833 210 1162 290 Sounds
1202 213 1283 291 of
1312 213 1458 292 the
1498 214 1825 294 Singing
1864 217 2151 296 School
2157 219 2172 296 .
2244 219 2268 296 (
2266 219 2487 298 Round
2517 221 2572 298 in
2612 221 2758 300 Five
2792 222 2977 301 Parts
2977 224 2996 301 .
2991 224 3016 301 )

3282 259 3316 288 P.
3328 259 3362 288 P.
3376 259 3482 290 BLISS
3482 260 3491 289 .

253 211 348 265 42

302 322 436 368 Divide
451 323 513 367 the
529 324 619 368 class
636 324 712 368 into
731 325 798 369 five
813 324 983 370 divisions
1005 326 1073 370 and
1093 326 1244 372 number
1261 327 1360 371 them
1364 328 1370 372 ,
1386 328 1398 372 (
1405 328 1509 372 make
1526 328 1593 373 two
1611 328 1786 374 divisions
1802 330 1840 374 of
1854 329 2013 375 Soprano
2031 331 2069 375 or
2086 331 2157 375 any
2171 331 2251 376 part
2269 332 2349 376 that
2368 332 2396 376 is
2414 333 2505 377 most
2523 333 2714 379 numerous
2719 334 2728 378 )
2748 334 2841 379 First
2859 334 3019 380 division
3033 336 3126 380 sings
3141 336 3216 380 first
3228 336 3315 381 staff
3328 337 3430 381 alone
3432 337 3440 381 .
3475 338 3591 383 When

256 367 331 413 first
346 366 502 414 division
522 368 645 415 begins
663 368 791 416 second
808 369 894 415 staff
891 369 899 415 ,
917 369 1044 417 second
1062 370 1218 418 division
1237 371 1361 418 begins
1378 372 1475 418 piece
1478 372 1486 418 .
1533 372 1648 420 When
1666 373 1793 420 second
1810 373 1966 421 division
1984 374 2102 422 begins
2121 375 2248 422 second
2266 376 2352 422 staff
2348 376 2354 422 ,
2376 376 2447 422 and
2465 376 2539 423 first
2555 376 2711 424 division
2735 378 2835 424 third
2851 378 2937 424 staff
2937 379 2943 425 ,
2962 379 3059 425 third
3077 379 3234 427 division
3253 380 3374 427 begins
3394 381 3490 427 piece
3495 381 3502 427 ,
3520 381 3589 427 and

254 412 295 457 so
311 412 354 457 on
360 412 370 457 .
414 412 501 457 Sing
517 413 580 458 the
597 413 695 458 piece
712 413 869 460 through
890 414 991 459 twice
995 414 1001 459 ,
1018 415 1078 460 the
1093 414 1266 461 divisions
1282 416 1415 462 ending
1432 416 1498 461 one
1515 417 1603 462 after
1622 416 1772 463 another
1789 418 1824 463 as
1843 418 1926 463 they
1941 418 2046 464 begin
2050 419 2056 464 ,
2072 419 2110 464 or
2125 419 2281 465 together
2299 420 2335 465 at
2353 420 2412 465 the
2428 420 2495 465 end
2510 420 2546 466 of
2565 421 2632 466 any
2647 421 2735 466 staff
2745 421 2796 467 all
2810 422 2955 468 singing
2971 422 3031 467 the
3045 423 3141 468 word
3158 423 3178 468 "
3192 423 3289 468 away
3294 424 3307 469 .
3306 424 3324 469 "
3360 424 3434 469 The
3447 424 3589 471 teacher

255 455 341 502 may
357 455 463 502 make
481 455 501 502 a
517 456 623 503 vocal
639 456 799 505 training
816 456 973 505 exercise
990 458 1027 505 of
1044 458 1115 505 this
1132 458 1177 505 by
1195 458 1332 507 calling
1346 459 1414 506 out
1430 460 1537 507 while
1553 460 1637 507 they
1655 461 1715 508 are
1731 460 1872 509 singing
1875 462 1885 509 ,
1884 462 1922 509 -
1925 462 1950 509 "
1962 462 2071 509 piano
2074 462 2081 509 ,
2097 462 2187 510 forte
2190 463 2195 510 ,
2215 463 2286 510 cres
2290 463 2297 510 .
2302 463 2308 510 ,
2326 463 2401 511 dim
2405 464 2414 511 .
2417 464 2423 511 ,
2441 464 2556 511 legato
2562 465 2567 512 ,
2587 464 2740 513 staccato
2746 465 2751 512 ,
2771 465 2938 514 forzando
2943 466 2951 513 ,
2968 466 3063 514 clear
3068 467 3074 514 ,
3091 466 3230 515 somber
3230 467 3242 514 ,
3242 467 3263 514 "
3281 468 3311 515 &
3313 468 3332 515 c
3333 468 3344 515 .

1246 577 1389 699 N

442 738 538 787 Now
577 738 636 787 for
654 738 677 787 a
689 738 785 787 song
812 738 855 787 of
867 738 932 787 the
947 738 1098 787 singing
1113 738 1239 787 school
1245 738 1252 787 ,
1258 738 1346 787 And
1358 738 1422 787 the
1435 738 1572 787 sounds
1584 738 1657 787 you
1673 738 1780 787 there
1792 738 1879 787 may
1892 738 1985 787 hear
1987 738 1997 787 ,

471 1041 512 1074 la
535 1041 575 1074 la
597 1041 637 1074 la
660 1041 700 1074 la
723 1041 763 1074 la
786 1041 824 1074 la
849 1041 886 1074 la
911 1041 949 1074 la
995 1041 1037 1074 la
1058 1041 1098 1074 la
1191 1041 1234 1073 la

449 1319 562 1362 Keep

593 1629 631 1648 re

722 1318 789 1351 the

256 2381 518 2448 240

706 1621 755 1648 mi

386 2029 733 2058 Accompaniment
735 2029 746 2058 .

841 1624 878 1648 fa

980 1319 1073 1352 time
1170 1317 1262 1352 with

470 1905 531 1951 Oh
531 1905 543 1950 ,
590 1906 643 1953 ah
643 1907 654 1952 ,
718 1908 746 1953 a
743 1909 757 1954 ,
844 1910 873 1955 e
867 1911 883 1956 ,
996 1908 1043 1947 bo
1047 1908 1057 1947 ,
1060 1908 1135 1947 bah
1140 1908 1148 1947 ,
1167 1908 1219 1947 ba
1220 1908 1229 1947 ,
1233 1908 1281 1947 be
1284 1908 1293 1947 ,

992 1619 1042 1649 sol
1069 1619 1099 1647 la
1130 1618 1159 1647 si
1179 1617 1221 1646 do

1171 2165 1279 2241 gg

1400 1040 1439 1073 la
1461 1040 1502 1073 la
1524 1040 1563 1073 la
1585 1040 1625 1073 la
1647 1040 1688 1073 la
1711 1040 1750 1073 la
1774 1040 1811 1073 la
1834 1040 1874 1073 la
1933 1040 1974 1073 la
1995 1040 2038 1073 la
2058 1040 2103 1073 la

1409 1330 1455 1352 80

1642 1323 1730 1352 cont

1399 1618 1437 1644 1s
1513 1619 1571 1645 the
1647 1625 1702 1646 ma

1378 1907 1439 1939 Sit
1512 1915 1561 1950 up
1578 1910 1683 1948 erect
1684 1911 1693 1945 ,

1871 1322 2003 1364 strong
2005 1324 2015 1363 ,

1771 1906 1796 1937 I

2096 738 2151 774 Of
2158 738 2222 774 the
2241 738 2287 774 do
2305 738 2345 775 re
2364 739 2417 775 mi
2430 739 2505 775 and
2514 739 2582 776 the
2597 740 2630 776 G
2696 741 2740 776 A
2826 740 2857 780 B
2871 740 2946 781 and
2959 741 3023 782 the
3036 741 3097 783 voi
3100 742 3114 782 -
3119 742 3181 784 ces
3231 743 3382 785 ringing
3401 744 3504 786 clear
3505 746 3517 786 .

2983 853 3106 966 H

1762 1616 1816 1651 jor
1874 1616 1964 1651 scale
1967 1616 1978 1651 ,
1979 1616 2047 1651 you
2061 1616 2157 1651 know
2162 1616 2172 1651 ,

1905 1914 1973 1948 say
1971 1918 1985 1949 ,

2178 1039 2294 1085 Lines
2309 1039 2385 1085 and
2398 1039 2528 1085 spaces
2536 1039 2542 1085 ,
2559 1039 2650 1085 clefs
2690 1039 2764 1085 and
2801 1039 2894 1085 keys
2895 1039 2908 1085 ,

2259 1317 2347 1350 Full
2395 1317 2469 1349 and
2565 1316 2670 1350 clear

2229 1905 2288 1946 Ho
2292 1905 2302 1946 ,
2305 1905 2353 1946 ho
2357 1905 2367 1946 ,
2368 1905 2416 1946 ho
2421 1905 2430 1946 ,

2312 2157 2496 2244 !!!

2190 2325 2357 2422 12

2809 1317 2876 1350 the

2562 1904 2615 1946 ha
2615 1904 2624 1946 ,
2675 1904 2727 1946 ha
2728 1904 2737 1946 ,
2802 1905 2856 1947 ha
2855 1905 2864 1947 ,

2505 2313 2653 2432 E

3011 1037 3075 1072 All
3092 1038 3194 1073 must
3233 1040 3304 1075 tell
3315 1041 3403 1076 with
3415 1043 3502 1078 ease
3505 1044 3516 1077 .

2251 1613 2303 1651 Ev
2316 1613 2330 1651 -
2330 1613 2370 1651 en
2375 1613 2382 1651 ,
2385 1613 2507 1653 double
2509 1614 2516 1652 ,
2521 1614 2617 1654 triple
2632 1615 2782 1654 measure
2791 1616 2847 1654 too
2851 1617 2859 1655 ,
2861 1617 2916 1655 are
2931 1617 3052 1657 among
3062 1618 3119 1656 the
3130 1618 3230 1658 many
3244 1619 3352 1659 unings
3367 1620 3416 1658 we
3423 1621 3469 1659 do
3468 1621 3479 1659 .

2995 1321 3103 1352 tones

2972 1405 3168 1539 UNA

3307 1148 3470 1255 H

3294 1323 3365 1368 pro
3380 1318 3490 1365 -long
3487 1318 3501 1360 .

3347 1414 3613 1543 111

2948 1900 3069 1939 Drive
3107 1903 3189 1942 dull
3214 1906 3300 1944 care
3314 1908 3353 1945 a-
3374 1909 3456 1947 way
3457 1911 3469 1947 .

3376 2316 3603 2440 El
