2422 3701
974 217 1160 286 1885

963 313 1151 375 Gold

939 617 1158 701 SchB

838 1044 1605 1127 SALUTATORY
1609 1044 1629 1127 .

506 1319 566 1372 IN
584 1319 661 1371 the
680 1317 1031 1371 accompanying
1051 1316 1174 1369 work
1193 1316 1270 1369 the
1289 1315 1467 1369 Author
1493 1315 1573 1367 has
1601 1313 1766 1367 sought
1795 1314 1837 1366 to
1867 1312 2064 1366 embrace

399 1382 445 1432 in
466 1382 492 1432 a
519 1382 783 1432 convenient
812 1382 949 1432 shape
954 1382 962 1432 ,
989 1382 1012 1432 a
1032 1382 1181 1432 varied
1213 1382 1443 1432 collection
1476 1382 1524 1432 of
1547 1382 1719 1432 orignal
1743 1382 1901 1432 Sacred
1922 1382 2066 1432 Songs

400 1446 488 1496 and
509 1446 685 1496 Hymns
691 1446 701 1496 ,
716 1446 862 1496 which
879 1446 968 1496 will
989 1446 1152 1496 supply
1173 1446 1216 1496 to
1239 1446 1433 1496 Sabbath
1439 1446 1452 1496 -
1455 1446 1628 1496 schools
1633 1446 1639 1496 ,
1662 1446 1808 1496 Praise
1829 1446 2046 1496 Meetings
2050 1446 2062 1496 ,

399 1509 489 1563 and
510 1509 655 1563 Home
677 1509 839 1563 Circles
859 1509 1047 1563 popular
1070 1509 1300 1563 selections
1307 1509 1315 1563 ,
1340 1509 1447 1563 from
1477 1509 1623 1563 which
1653 1509 1915 1563 everything
1942 1509 2045 1563 inap-

398 1574 620 1626 propriate
647 1574 694 1624 to
720 1573 883 1625 special
912 1573 998 1623 and
1026 1571 1206 1623 general
1234 1572 1331 1622 uses
1360 1571 1440 1621 has
1468 1571 1576 1621 been
1606 1569 1859 1621 eliminated
1867 1569 1877 1619 ,
1899 1569 1986 1619 and
2015 1568 2062 1619 in

399 1638 547 1688 which
560 1638 636 1688 the
649 1638 789 1688 music
800 1638 893 1688 will
905 1638 955 1688 be
970 1638 1107 1688 found
1122 1638 1167 1688 in
1181 1638 1339 1688 closest
1353 1638 1589 1688 sympathy
1599 1638 1708 1688 with
1722 1638 1797 1688 the
1812 1638 2050 1688 sentiment
2052 1638 2061 1688 .

510 1723 620 1772 THE
642 1723 849 1772 GOLDEN
869 1723 1036 1772 SHEAF
1042 1723 1049 1772 ,
1072 1723 1161 1772 No.
1188 1723 1207 1772 1
1214 1723 1224 1772 ,
1243 1723 1333 1772 will
1355 1723 1406 1772 be
1423 1723 1624 1772 followed
1642 1723 1699 1772 by
1717 1723 1844 1772 other
1858 1723 2065 1772 numbers

399 1786 454 1837 of
473 1786 662 1837 uniform
684 1786 773 1837 size
792 1786 878 1837 and
898 1786 1035 1837 shape
1040 1786 1048 1837 ,
1073 1786 1159 1837 and
1180 1786 1225 1837 at
1240 1786 1314 1837 the
1334 1786 1452 1837 same
1465 1786 1652 1837 popular
1665 1786 1783 1837 price
1786 1786 1796 1837 ,
1811 1786 1957 1837 which
1973 1786 2067 1837 will

401 1852 556 1901 enable
575 1852 704 1901 those
721 1852 853 1901 using
870 1852 990 1901 them
1007 1852 1052 1901 to
1067 1852 1210 1901 renew
1227 1852 1313 1901 and
1330 1852 1477 1901 obtain
1495 1852 1610 1901 fresh
1629 1852 1770 1901 Songs
1784 1852 1868 1901 and
1888 1852 2064 1901 Hymns

401 1924 449 1962 at
464 1926 623 1967 proper

640 1918 854 1955 intervals
858 1921 870 1955 .

510 1997 620 2047 THE
644 1997 851 2047 GOLDEN
878 1997 1045 2047 SHEAF
1050 1997 1059 2047 ,
1086 1997 1175 2047 No.
1203 1997 1220 2047 1
1227 1997 1236 2047 ,
1261 1997 1339 2047 can
1370 1997 1424 2047 be
1452 1997 1538 2047 had
1569 1997 1614 2047 at
1637 1997 1665 2047 $
1671 1997 1791 2047 12.00
1814 1997 1892 2047 per
1910 1997 1931 2047 (
1943 1997 2019 2047 100
2027 1997 2046 2047 )
2052 1997 2063 2047 ;

404 2064 453 2117 or
456 2064 467 2117 ,
502 2064 552 2117 15
576 2064 701 2117 cents
726 2064 752 2117 a
779 2064 921 2117 single
948 2064 1060 2117 copy
1066 2064 1075 2117 ,
1107 2064 1257 2117 bound
1291 2064 1335 2117 in
1370 2064 1503 2117 board
1532 2064 1681 2117 covers
1699 2064 1708 2117 ;
1747 2064 1793 2117 or
1798 2064 1806 2117 ,
1839 2064 1866 2117 $
1868 2064 1963 2117 9.00
1989 2064 2068 2117 per

404 2128 424 2180 (
429 2128 506 2180 100
510 2128 529 2180 )
539 2128 550 2180 ;
577 2128 628 2180 or
631 2128 639 2180 ,
668 2128 719 2180 10
736 2128 856 2180 cents
879 2128 903 2180 a
922 2128 1065 2180 single
1092 2128 1204 2180 copy
1211 2128 1219 2180 ,
1243 2128 1395 2180 bound
1422 2128 1466 2180 in
1495 2128 1629 2180 paper
1658 2128 1805 2180 covers
1813 2128 1820 2180 ,
1846 2128 1965 2180 upon
1991 2128 2047 2180 ap-

402 2195 611 2244 plication
632 2195 678 2242 to
698 2193 776 2241 the
794 2191 1027 2241 publisher
1026 2192 1037 2239 .

1440 2246 1484 2277 O.
1506 2246 1561 2277 W.
1581 2246 1828 2280 SCHAEFFER
1832 2248 1843 2279 ,

1624 2301 1800 2343 Romney
1800 2302 1810 2340 ,
1831 2300 1887 2340 W.
1905 2299 1963 2339 Va
1964 2299 1974 2337 .

555 2477 647 2523 This
662 2477 767 2522 work
784 2475 926 2522 having
942 2475 1036 2521 been
1056 2474 1303 2521 copyrighted
1308 2474 1314 2519 ,
1333 2474 1382 2519 no
1399 2472 1577 2519 selection
1596 2471 1798 2518 contained
1816 2472 1855 2517 in
1873 2472 1902 2517 it
1924 2471 1993 2516 can
2018 2471 2064 2516 be

400 2533 602 2573 published
618 2533 777 2573 without
792 2533 858 2573 the
876 2533 1023 2573 written
1041 2533 1200 2573 consent
1215 2533 1260 2573 of
1277 2533 1343 2573 the
1359 2533 1506 2573 Author
1507 2533 1517 2573 .

1035 3058 1059 3080 J.
1074 3058 1105 3080 M.
1123 3058 1313 3083 ARMSTRONG
1332 3060 1348 3082 &
1366 3061 1403 3083 CO
1408 3061 1414 3083 .
1417 3061 1423 3083 ,

1080 3095 1157 3118 MUSIC
1174 3097 1374 3123 TYPOGRAPHERS
1377 3102 1383 3122 ,

1112 3134 1284 3161 Philadelphia
1286 3135 1291 3160 ,
1308 3134 1342 3159 Pa
1345 3134 1351 3159 .
