2449 3606
492 434 593 489 No.
615 434 682 489 13
685 434 699 489 .

527 529 655 560 CLUFF
658 530 665 559 .

482 2452 572 2492 OF

601 637 642 674 3

600 682 646 720 8

578 791 606 811 I.

576 880 598 900 2
598 880 609 900 .

650 574 850 616 Soprano
868 573 969 614 Solo
971 573 982 612 .

621 765 662 837 {

1051 649 1138 727 F

697 755 716 799 I
762 755 860 799 have
898 755 920 799 a
965 755 1038 799 Sav
1041 755 1053 799 -
1053 755 1138 799 iour
1141 755 1148 799 ,
1167 755 1257 799 He's
1269 755 1448 799 pleading
1473 755 1510 799 in
1544 755 1608 799 glo
1625 755 1639 799 -
1663 755 1705 799 ry
1709 755 1716 799 ,

674 800 755 843 now
783 800 843 843 He
885 800 920 843 is
943 800 1135 843 watching
1172 800 1211 843 in
1260 800 1341 843 ten-
1356 800 1436 843 der-
1453 800 1537 843 ness
1552 800 1631 843 o'er
1646 800 1707 843 me
1711 800 1717 843 ,

697 847 717 875 I
761 847 860 878 have
896 850 919 878 a

976 849 1029 877 Fa
1030 849 1043 877 -
1042 849 1130 877 ther
1135 849 1143 877 :
1174 849 1214 877 to
1260 846 1323 884 me
1359 846 1419 884 He
1450 846 1519 884 has
1542 846 1607 884 giv
1624 846 1639 884 -
1653 846 1703 884 en

663 892 755 922 soon
775 892 851 922 will
876 892 935 922 He
959 892 1032 922 call
1064 892 1125 922 me
1169 887 1210 927 to
1234 887 1335 927 meet
1350 887 1442 927 Him
1461 887 1498 927 in
1525 887 1636 927 heav-
1654 887 1700 927 en
1706 887 1712 927 ,

595 1703 764 1735 Chorus
770 1704 778 1734 .

840 428 972 488 FOR
1009 428 1149 488 YOU
1188 428 1216 488 I
1254 428 1363 488 AM
1402 428 1726 488 PRAYING
1732 428 1746 488 .

617 1321 688 1356 Sav
691 1321 704 1355 -
713 1321 798 1355 iour
820 1320 886 1354 tho
891 1320 900 1354 '
933 1319 1036 1354 earth
1042 1319 1053 1353 -
1055 1318 1196 1354 friends
1213 1318 1259 1353 be
1335 1321 1405 1358 few
1412 1321 1421 1358 ;
1468 1321 1553 1358 And

614 1365 688 1398 Sav
692 1365 705 1398 -
714 1365 799 1398 iour
815 1366 909 1400 were
935 1366 949 1399 (
955 1366 1043 1400 Omit
1044 1367 1052 1400 .

607 1410 623 1445 -
628 1410 711 1446 ter-
734 1412 772 1448 ni
788 1413 804 1448 -
832 1413 874 1450 ty
873 1414 886 1449 ,

941 1408 1138 1441 blessed
1199 1408 1275 1443 and
1319 1408 1402 1443 true
1406 1408 1415 1443 ;
1462 1409 1547 1444 And

601 1432 612 1436 1

627 1453 685 1494 let
721 1453 782 1494 me
798 1453 911 1495 bring
933 1454 952 1495 (
953 1454 1047 1495 Omit
1043 1454 1054 1495 .

614 1923 687 1949 For

613 2381 688 2414 you

744 1930 818 1959 you
899 1923 921 1951 I

789 2375 812 2402 I

973 1130 1017 1169 +

921 2382 977 2403 am

1072 2376 1167 2418 pray
1191 2374 1206 2412 -
1239 2369 1309 2410 ing
1310 2369 1320 2406 ,

1676 1130 1712 1162 2

1002 1931 1054 1949 am
1123 1920 1218 1960 pray
1217 1920 1233 1957 -
1229 1917 1299 1957 ing
1303 1918 1313 1955 ,
1330 1915 1405 1954 For
1459 1927 1536 1956 you
1581 1921 1602 1947 I
1679 1928 1733 1946 am

1390 2370 1463 2397 I'm

1597 1409 1615 1444 (
1618 1409 1710 1445 Omit
1710 1410 1719 1445 .

1563 1453 1584 1492 )
1626 1455 1703 1496 you

1256 3178 1309 3208 15

1601 1321 1618 1358 (
1620 1321 1711 1358 Omit
1712 1321 1721 1358 .

2060 1319 2072 1358 .
2071 1318 2093 1357 )

1623 1365 1725 1406 your
1758 1358 1962 1402 Saviour
1963 1358 1974 1395 ,
2018 1354 2083 1394 too
2088 1354 2101 1391 !

2058 1408 2069 1444 .
2070 1407 2089 1443 )

1759 1440 1854 1482 with
1895 1449 1959 1488 me
1959 1453 1970 1489 ,

2033 1450 2099 1481 too
2103 1451 2116 1480 !

1581 2179 1629 2207 rit
1630 2179 1700 2207 .....

1767 755 1796 799 A
1815 755 1904 799 dear
1908 755 1915 799 ,
1936 755 2000 799 lov
2014 755 2027 799 -
2040 755 2108 799 ing

1746 800 1832 843 And
1846 800 1894 843 oh
1899 800 1906 843 ,
1928 800 2012 843 that
2038 800 2101 843 my

1763 849 1794 885 A
1812 846 1912 884 hope
1932 845 1994 882 for

1741 887 1813 927 But
1830 887 1879 927 oh
1884 887 1890 927 ,
1917 887 1999 927 that
2017 887 2115 927 He'd

2052 855 2075 874 e-

1553 2367 1775 2412 praying

1861 529 1892 557 E.
1906 529 2041 557 HANKS
2046 529 2052 557 .

719 2597 741 2639 3
760 2596 780 2638 I
796 2596 895 2638 have
910 2596 931 2638 a
945 2595 1035 2638 robe
1043 2595 1050 2637 :
1074 2595 1083 2637 '
1087 2595 1135 2637 tis
1153 2593 1394 2637 resplendent
1412 2594 1449 2636 in
1469 2592 1671 2636 whiteness
1674 2593 1680 2635 ,

806 2638 994 2683 Awaiting
1010 2639 1048 2682 in
1067 2638 1176 2681 glory
1194 2638 1258 2681 my
1276 2636 1494 2681 wondering
1511 2636 1606 2679 view
1610 2636 1618 2679 ;

762 2680 820 2724 Oh
826 2680 835 2724 ,
852 2680 962 2724 when
978 2680 996 2724 I
1013 2680 1157 2724 receive
1173 2680 1203 2724 it
1206 2680 1212 2724 ,
1234 2680 1283 2724 all
1300 2680 1456 2724 shining
1473 2680 1510 2724 in
1530 2680 1745 2724 brightness
1749 2680 1758 2724 ,

807 2727 906 2769 Dear
921 2727 1042 2769 friend
1047 2727 1055 2769 ,
1075 2727 1183 2769 could
1202 2727 1217 2769 I
1237 2727 1299 2769 see
1315 2727 1390 2769 you
1407 2727 1598 2769 receiving
1615 2727 1689 2769 one
1691 2727 1697 2769 ,
1717 2727 1781 2769 too
1786 2727 1798 2769 !

717 2992 740 3034 5
763 2990 886 3033 When
903 2989 1038 3033 you've
1055 2990 1173 3032 found
1187 2989 1294 3032 Jesus
1299 2989 1305 3031 ,
1324 2989 1392 3031 tell
1409 2987 1535 3031 others
1552 2988 1618 3030 the
1633 2987 1738 3030 story
1739 2987 1748 3029 ,

806 3035 904 3080 That
920 3036 983 3079 my
998 3034 1129 3079 loving
1147 3033 1305 3078 Saviour
1320 3033 1350 3076 is
1369 3032 1463 3076 your
1479 3031 1636 3076 Saviour
1639 3032 1646 3075 ,
1666 3031 1730 3074 too
1732 3031 1742 3074 ,

1894 1195 2051 1283 J

1786 1918 1883 1963 pray
1880 1917 1896 1958 -
1910 1914 1980 1957 ing
1980 1913 1991 1953 ,
2017 1908 2094 1952 For

714 2799 739 2841 4
761 2798 780 2840 I
796 2795 895 2839 have
910 2795 932 2837 a
947 2792 1061 2837 peace
1067 2792 1075 2834 :
1098 2791 1129 2834 it
1144 2790 1175 2833 is
1193 2788 1288 2833 calm
1308 2787 1351 2830 as
1366 2787 1390 2829 a
1402 2784 1506 2829 river-

805 2839 838 2879 A
852 2838 966 2878 peace
982 2837 1066 2878 that
1082 2837 1144 2877 the
1162 2836 1302 2877 friends
1321 2836 1362 2876 of
1382 2836 1458 2876 this
1476 2835 1590 2876 world
1609 2835 1724 2875 never
1738 2834 1849 2875 knew
1853 2834 1864 2874 ;

762 2880 829 2922 My
846 2879 1003 2921 Saviour
1019 2878 1128 2920 alone
1144 2878 1175 2919 is
1192 2878 1257 2919 the
1275 2876 1418 2919 Author
1437 2877 1510 2918 and
1529 2875 1642 2918 Giver
1645 2876 1654 2917 ,

807 2927 892 2966 And
909 2927 956 2966 oh
963 2927 970 2966 ,
990 2927 1099 2966 could
1118 2927 1134 2966 I
1152 2927 1266 2966 know
1282 2927 1311 2966 it
1330 2927 1403 2966 was
1420 2927 1533 2966 given
1550 2927 1589 2966 to
1607 2927 1682 2966 you
1686 2927 1700 2966 !

1864 2369 1926 2396 for

762 3082 868 3125 Then
885 3082 979 3124 pray
993 3081 1078 3123 that
1093 3081 1189 3123 your
1205 3079 1363 3123 Saviour
1379 3079 1466 3122 may
1485 3079 1595 3121 bring
1611 3078 1715 3121 them
1732 3078 1771 3120 to
1789 3078 1899 3120 glory
1901 3077 1911 3119 ,

803 3124 893 3169 And
905 3123 1042 3168 prayer
1055 3123 1131 3167 will
1148 3123 1193 3167 be
1211 3121 1403 3167 answered
1403 3122 1439 3166 -
1439 3121 1459 3165 '
1462 3121 1554 3165 twas
1572 3119 1761 3165 answered
1780 3119 1838 3164 for
1854 3119 1926 3163 you
1932 3119 1944 3163 !

1990 2377 2064 2406 you
2069 2377 2077 2404 .
