1457 1972
558 200 717 223 REVISED
738 200 867 223 HYMNS
872 200 879 223 .

289 269 378 309 Fain
397 270 513 310 would
531 271 581 310 we
598 272 695 311 leave
712 273 782 312 this
800 273 915 313 weary
930 274 1014 314 road
1018 275 1026 313 ,

287 318 368 356 And
386 318 482 355 sleep
498 318 535 355 in
555 317 660 354 death
666 317 671 354 ,
694 317 764 354 and
781 316 853 353 rest
868 316 904 353 in
924 315 1001 353 God
1006 315 1014 352 .

245 409 351 454 153

540 421 618 452 THE
637 421 767 453 LORD'S
786 422 866 454 DAY
868 423 878 453 .

284 486 402 560 TH

357 487 436 526 HIS
453 487 482 526 is
500 487 559 526 the
578 487 643 526 day
662 487 721 526 the
739 487 831 526 Lord
848 487 933 526 hath
949 487 1052 526 made
1055 487 1064 526 ,

401 530 457 563 He
475 530 558 565 calls
575 531 635 564 the
652 531 759 566 hours
776 533 830 566 his
849 533 927 568 own
940 534 949 567 ;

288 576 355 615 Let
371 576 505 615 heaven
521 576 651 615 rejoice
655 576 660 615 ,
683 576 729 615 let
749 576 846 615 earth
863 576 907 615 be
923 576 1004 615 glad
1007 576 1015 615 ,

331 619 410 658 And
428 619 543 658 praise
559 619 732 658 surround
755 619 814 658 the
833 619 958 658 throne
960 619 967 658 .

1006 425 1048 458 60
1082 421 1121 454 C.
1140 419 1189 452 M.

242 686 264 726 2
286 685 338 725 To
341 685 352 725 -
355 685 421 725 day
439 684 483 724 he
500 684 580 724 rose
583 683 589 723 ,
612 683 678 723 and
696 682 762 723 left
777 682 839 722 the
857 680 944 722 dead
948 681 956 721 ,

331 724 410 764 And
428 725 561 766 Satan's
581 727 714 768 empire
731 729 794 769 fell
805 731 815 769 ;

287 766 338 809 To
344 766 355 809 -
356 766 422 809 day
436 766 497 810 the
514 766 621 811 saints
640 768 693 811 his
712 768 890 813 triumphs
907 769 1033 814 spread
1037 770 1045 813 ,

332 819 409 847 And
426 819 472 847 all
489 819 542 847 his
562 819 721 847 wonders
738 819 801 847 tell
800 819 809 847 .

241 880 262 916 3
287 879 456 917 Hosanna
473 881 509 917 to
527 882 585 918 the
603 882 769 920 anointed
786 883 881 921 King
885 884 895 920 ,

331 927 381 962 To
399 926 541 963 David's
559 927 642 963 holy
657 928 726 963 Son
740 928 750 963 ;

287 970 380 1010 Help
398 970 437 1010 us
442 970 449 1010 ,
473 970 500 1010 O
519 970 613 1010 Lord
625 970 631 1010 ;
659 970 810 1010 descend
815 970 820 1010 ,
843 970 912 1010 and
929 970 1034 1010 bring

330 1016 510 1053 Salvation
526 1016 618 1053 from
637 1016 701 1053 thy
716 1016 844 1053 throne
847 1016 856 1053 .

239 1081 262 1117 4
285 1081 455 1117 Hosanna
473 1081 508 1117 in
527 1081 587 1117 the
606 1081 746 1117 highest
766 1081 894 1117 strains

331 1124 404 1157 The
423 1124 563 1158 Church
581 1125 626 1158 on
645 1125 742 1160 earth
761 1126 824 1159 can
841 1126 931 1161 raise
944 1127 952 1160 ;

286 1168 362 1208 The
379 1167 522 1209 highest
537 1168 687 1210 heavens
706 1169 739 1209 in
761 1170 875 1211 which
891 1170 937 1210 he
952 1171 1069 1212 reigns

330 1212 428 1250 Shall
442 1212 522 1250 give
539 1212 613 1251 him
632 1213 756 1252 nobler
772 1213 888 1252 praise
889 1214 898 1252 .

1116 187 1194 223 109

243 1302 346 1346 154
393 1302 502 1347 JESUS
519 1303 590 1347 THE
609 1304 698 1348 WAY
699 1305 708 1348 ,
722 1305 794 1348 THE
814 1305 941 1350 TRUTH
945 1306 953 1349 ,
970 1306 1042 1350 AND
1082 1307 1119 1350 C.
1137 1307 1188 1351 M.

615 1361 685 1392 THE
703 1356 793 1389 LIFE
798 1357 806 1386 .

282 1419 426 1494 THO

307 1425 456 1464 THOU
472 1425 524 1464 art
541 1425 601 1464 the
621 1425 705 1464 Way
720 1425 726 1464 ;
755 1425 789 1464 to
807 1425 888 1464 thee
908 1425 1007 1464 alone

397 1467 499 1502 From
521 1467 573 1502 sin
591 1467 661 1503 and
678 1468 784 1503 death
804 1468 851 1503 we
870 1469 936 1504 flee
952 1469 961 1504 ;

284 1512 362 1542 And
380 1512 424 1542 he
444 1512 518 1542 who
537 1512 652 1542 would
669 1512 728 1542 the
747 1512 876 1542 Father
893 1512 976 1542 seek

325 1556 425 1596 Must
440 1556 523 1596 seek
538 1556 611 1596 him
618 1556 622 1596 ,
648 1556 738 1596 Lord
744 1556 749 1596 ,
773 1556 819 1596 by
837 1556 918 1596 thee
922 1556 928 1596 .

237 1622 258 1661 2
283 1622 386 1661 Thou
404 1622 456 1661 art
473 1622 533 1661 the
551 1622 663 1661 Truth
678 1622 684 1661 ;
713 1622 776 1661 thy
794 1622 891 1661 word
908 1622 1010 1661 alone

328 1661 421 1697 True
438 1663 583 1699 wisdom
604 1665 667 1701 can
684 1666 815 1703 impart
830 1669 840 1703 ;
