2224 3070
1005 266 1064 292 TO
1093 266 1248 292 WORK
1258 266 1268 292 .

422 332 540 363 WHAT
558 332 685 363 SHALL
705 332 782 363 THE
803 332 984 363 HARVEST
1004 332 1052 363 BE
1057 332 1071 363 ?
1108 332 1271 363 Concluded
1274 332 1283 363 .

376 541 425 564 ter

697 538 733 567 ni
742 540 757 567 -
773 541 810 569 ty
810 543 820 570 ,

955 539 1031 569 Sure
1033 539 1041 569 ,
1171 539 1211 569 ah
1214 539 1221 569 ,
1246 539 1320 569 sure

263 1001 336 1049 84

762 1041 816 1058 MRS
821 1041 825 1058 .
841 1041 869 1058 E.
885 1041 906 1058 S.
923 1041 1020 1058 OAKEY
1024 1041 1028 1058 .

261 1065 285 1109 2
307 1065 463 1109 Sowing
477 1065 581 1109 their
591 1065 675 1109 seed
691 1065 739 1109 by
759 1065 821 1109 the
835 1065 920 1109 way
924 1065 937 1109 -
942 1065 1020 1109 side
1032 1065 1087 1109 high
1091 1065 1097 1109 ,

263 1111 418 1152 Sowing
433 1111 534 1152 their
551 1111 637 1152 seed
656 1111 701 1152 on
721 1111 785 1152 the
801 1111 910 1152 rocks
929 1111 968 1152 to
985 1111 1046 1152 die
1049 1111 1058 1152 ,

264 1154 419 1199 Sowing
433 1155 534 1198 their
551 1154 637 1197 seed
650 1154 777 1197 where
788 1153 851 1197 the
860 1153 942 1196 thorns
951 1153 1009 1196 will
1015 1153 1075 1196 spoil
1074 1152 1083 1195 ,

263 1200 418 1241 Sowing
427 1200 527 1240 their
538 1200 624 1239 seed
636 1200 674 1239 in
690 1199 754 1238 the
766 1198 890 1238 fertile
903 1198 975 1237 soil
980 1198 990 1237 ,

308 1246 365 1284 Oh
371 1246 379 1284 ,
401 1246 504 1284 what
520 1246 616 1284 shall
631 1246 695 1284 the
712 1246 867 1284 harvest
885 1246 931 1284 be
936 1246 944 1284 ,
963 1246 1034 1284 etc.

263 1320 286 1364 3
308 1320 465 1364 Sowing
476 1320 540 1364 the
552 1320 637 1364 seed
651 1320 692 1364 of
701 1320 722 1364 a
731 1320 924 1364 lingering
943 1320 1032 1364 pain
1040 1320 1047 1364 ,

263 1363 417 1407 Sowing
434 1363 498 1405 the
514 1361 601 1405 seed
615 1362 657 1404 of
672 1362 693 1404 a
710 1360 920 1404 maddened
937 1359 1046 1403 brain
1052 1359 1062 1401 ,

405 1581 445 1615 #

399 1622 453 1664 4

331 762 480 795 gathered
495 762 526 795 in
535 762 609 795 time
622 762 654 795 or
665 762 798 795 eternity
803 762 808 795 ,
814 762 888 795 Sure
891 762 897 795 ,
902 762 940 795 ah
944 762 950 795 ,
954 762 1007 795 yes
1011 762 1017 795 ,
1022 762 1092 795 sure
1102 762 1167 795 will
1175 762 1225 795 the
1235 762 1363 795 harvest
1373 762 1408 795 be
1412 762 1418 795 ,
1423 762 1486 795 will
1496 762 1549 795 the
1560 762 1686 795 harvest
1691 762 1695 795 ,
1700 762 1751 795 the
1764 762 1892 795 harvest
1901 762 1938 795 be
1939 762 1947 795 .

1442 851 1579 940 991

1826 832 1975 970 I

258 2402 331 2452 85

257 2469 278 2509 2
303 2468 417 2508 What
433 2466 579 2508 though
594 2467 658 2507 the
676 2466 780 2507 spicy
799 2465 948 2507 breezes

346 2512 452 2555 Blow
470 2513 546 2554 soft
562 2512 639 2553 o'er
659 2510 834 2553 Ceylon's
854 2511 925 2552 isle-

302 2559 464 2601 Though
482 2558 597 2599 every
613 2557 789 2598 prospect
806 2555 949 2597 pleases
956 2555 964 2595 ,

352 2604 441 2645 And
459 2603 549 2644 only
568 2601 657 2642 man
674 2601 705 2641 is
724 2599 799 2640 vile
808 2600 820 2639 !

304 2647 348 2686 In
366 2646 454 2685 vain
462 2647 469 2685 ,
492 2645 583 2684 with
604 2644 724 2684 lavish
744 2643 924 2683 kindness
928 2644 937 2682 ,

346 2692 426 2732 The
442 2692 531 2732 gifts
549 2692 591 2732 of
605 2692 687 2732 God
705 2692 769 2732 are
786 2692 926 2732 strewn
937 2692 949 2732 ;

304 2734 381 2772 The
398 2733 561 2772 heathen
569 2733 575 2770 ,
594 2733 633 2770 in
652 2733 751 2770 their
768 2731 961 2770 blindness
967 2732 975 2769 ,

346 2779 433 2811 Bow
454 2779 567 2810 down
585 2778 622 2810 to
642 2778 748 2809 wood
766 2778 838 2809 and
857 2777 963 2808 stone
970 2777 978 2808 .

1120 555 1129 560 -

907 2441 933 2458 R.
948 2441 1043 2458 HEBER
1047 2441 1053 2458 .

1441 541 1505 563 will
1516 541 1568 563 the
1578 541 1637 563 har

1754 541 1822 563 vest
1845 541 1882 563 be
1885 541 1892 563 .

405 1507 651 1539 MISSIONARY
671 1507 786 1539 HYMN
789 1507 795 1539 .
833 1507 862 1539 7s
884 1507 906 1539 &
928 1507 959 1539 6s
962 1507 968 1539 .
1004 1507 1021 1539 "
1031 1507 1091 1539 The
1106 1507 1316 1539 Macedonian
1332 1507 1389 1539 cry
1390 1507 1405 1539 .
1400 1507 1419 1539 "

991 1589 1099 1698 H

446 1687 496 1712 T

367 1710 392 1753 1.
406 1710 474 1753 From
486 1710 629 1753 Greenland's
640 1710 680 1753 icy
689 1710 819 1753 mountains
823 1710 827 1753 ,
832 1710 895 1753 From
908 1710 991 1753 India's
1004 1710 1064 1753 coral
1075 1710 1154 1753 strand
1157 1710 1163 1753 ,
1166 1710 1246 1753 Where
1257 1710 1336 1753 Afric's
1349 1710 1423 1753 sunny
1434 1710 1548 1753 fountains
1562 1710 1615 1753 Roll
1624 1710 1690 1753 down
1701 1710 1763 1753 their
1771 1710 1856 1753 golden
1864 1710 1922 1753 sand
1922 1710 1930 1753 ;

1058 1793 1224 1932 4

1113 1020 1269 1062 Sowing
1286 1020 1351 1062 the
1369 1020 1454 1062 seed
1472 1020 1514 1062 of
1529 1020 1549 1062 a
1566 1020 1761 1062 tarnished
1777 1020 1889 1062 name
1892 1020 1902 1062 ,

1112 1065 1267 1109 Sowing
1283 1065 1349 1109 the
1367 1065 1453 1109 seed
1470 1065 1511 1109 of
1527 1065 1670 1109 eternal
1687 1065 1816 1109 shame-

1155 1110 1218 1151 Ah
1223 1110 1230 1150 ,
1248 1110 1337 1150 sure
1355 1109 1434 1150 will
1452 1109 1515 1149 the
1533 1107 1688 1149 harvest
1704 1108 1748 1148 be
1753 1108 1761 1148 ,
1782 1107 1852 1148 etc.

1105 1188 1130 1230 4
1155 1188 1311 1230 Sowing
1327 1188 1394 1230 the
1412 1188 1497 1230 seed
1511 1188 1604 1230 with
1616 1188 1663 1230 an
1676 1188 1814 1230 aching
1824 1188 1933 1230 heart
1937 1188 1946 1230 ,

1109 1233 1265 1273 Sowing
1276 1233 1341 1273 the
1354 1233 1439 1273 seed
1454 1233 1567 1273 while
1578 1233 1642 1273 the
1653 1233 1849 1273 teardrops
1861 1233 1922 1273 start
1924 1233 1931 1273 ,

1109 1277 1265 1318 Sowing
1283 1277 1321 1317 in
1340 1277 1439 1318 hope
1458 1278 1515 1318 till
1534 1278 1598 1318 the
1615 1278 1766 1320 reapers
1784 1279 1889 1319 cme
1894 1279 1902 1319 ,

1108 1320 1247 1364 Gladly
1267 1320 1303 1364 to
1324 1320 1458 1364 gather
1474 1320 1539 1364 the
1557 1320 1710 1364 harvest
1725 1320 1836 1364 home
1840 1320 1849 1364 ,

1151 1367 1211 1404 Oh
1217 1367 1225 1404 ,
1245 1367 1349 1404 what
1366 1367 1463 1404 shall
1480 1367 1545 1404 the
1562 1367 1715 1404 harvest
1732 1367 1777 1404 be
1781 1367 1789 1404 ,
1808 1367 1880 1404 etc.

1623 2039 1796 2165 Hod

374 2175 441 2218 From
449 2175 519 2217 many
528 2174 558 2217 an
569 2173 659 2216 ancient
670 2174 704 2216 riv
708 2173 717 2215 -
721 2173 742 2215 er
747 2173 752 2215 ,
786 2173 851 2215 From
861 2172 930 2214 many
941 2172 953 2214 a
961 2171 1038 2214 palmy
1049 2171 1110 2213 plain
1114 2171 1120 2213 ,
1158 2170 1222 2213 They
1233 2170 1278 2212 call
1287 2170 1312 2212 us
1327 2170 1349 2212 to
1368 2169 1416 2211 de-
1427 2169 1470 2211 liv-
1481 2169 1506 2211 er
1544 2168 1614 2210 Their
1623 2168 1677 2210 land
1691 2167 1748 2209 from
1759 2166 1842 2209 error's
1851 2166 1920 2208 chain
1920 2166 1928 2208 .

404 2267 495 2351 E

822 2262 908 2357 12

1002 2252 1132 2386 ff

1070 2822 1111 2850 59

1733 1515 1757 1532 L.
1774 1515 1868 1532 MASON
1873 1515 1879 1532 .

1102 2465 1124 2504 3
1146 2465 1254 2504 Shall
1268 2465 1325 2504 we
1331 2465 1339 2504 ,
1358 2465 1487 2504 whose
1505 2465 1607 2504 souls
1626 2465 1689 2504 are
1707 2465 1851 2504 lighted

1192 2510 1250 2549 By
1269 2510 1426 2550 wisdom
1442 2511 1540 2551 from
1561 2511 1608 2551 on
1627 2512 1723 2551 high-

1147 2553 1253 2594 Shall
1270 2553 1326 2593 we
1331 2554 1339 2594 ,
1358 2554 1397 2594 to
1414 2554 1502 2594 man
1522 2554 1727 2596 benighted
1734 2556 1743 2596 ,

1191 2600 1269 2639 The
1283 2600 1386 2639 lamp
1403 2600 1447 2639 of
1457 2600 1525 2639 life
1543 2600 1641 2639 deny
1653 2600 1670 2639 ?

1147 2644 1337 2682 Salvation
1352 2644 1365 2682 !
1380 2644 1430 2682 oh
1434 2644 1442 2682 ,
1461 2644 1648 2682 salvation
1662 2644 1672 2682 !

1191 2687 1271 2729 The
1286 2687 1414 2730 joyful
1431 2688 1553 2731 sound
1569 2688 1751 2732 proclaim
1759 2689 1767 2731 ,

1147 2730 1223 2763 Till
1239 2729 1380 2764 earth's
1398 2730 1578 2765 remotest
1596 2731 1724 2766 nation

1194 2776 1271 2808 Has
1288 2776 1442 2809 learned
1462 2776 1662 2810 Messiah's
1679 2778 1790 2811 name
1791 2779 1798 2811 .

1824 2276 1910 2367 E

1822 2235 1965 2369 211
