1478 2472
604 312 779 358 THE
838 309 1126 356 BESIN
1132 309 1165 353 /

284 422 570 546 Sunday
590 422 845 546 School
881 422 1070 546 Song
1093 422 1325 546 Books
1327 422 1349 546 .

377 672 565 702 Published
583 672 616 702 in
639 672 723 702 both
743 672 849 702 forms
867 672 906 702 of
931 672 1073 702 musical
1093 672 1250 702 notation
1256 672 1265 702 .

458 737 554 775 Sales
570 737 763 776 exceeding
782 738 849 776 any
867 738 977 778 books
995 739 1076 777 ever
1090 740 1165 778 pub-

558 798 675 839 lished
700 801 810 841 South
814 804 821 842 ,
844 804 1077 848 aggregating
1076 809 1092 847 ,

288 894 588 951 OVER
672 894 741 951 A
820 894 1304 951 MILLION
1331 894 1351 951 .

291 1067 448 1109 NEW
489 1067 648 1110 LIFE
651 1068 665 1109 ,

438 1138 616 1183 RACE
653 1140 795 1185 AND
831 1143 1059 1188 GLORY
1057 1145 1074 1187 ,

517 1217 658 1261 GEM
668 1222 679 1261 ,

607 1293 942 1340 EMERALD
949 1297 962 1339 ,

707 1370 1104 1415 AMARANTH
1114 1376 1126 1415 ,

843 1447 965 1486 LOB
1013 1447 1261 1487 GOTTES

1091 1499 1107 1528 (
1112 1498 1324 1530 German
1329 1501 1343 1530 )
1346 1501 1357 1530 .

339 1576 432 1613 Note
463 1576 614 1614 editions
620 1577 626 1614 ,
660 1576 847 1615 uniformly
877 1578 900 1615 $
899 1578 919 1615 4
949 1578 1012 1615 per
1041 1578 1147 1616 dozen
1179 1579 1222 1616 by
1254 1579 1341 1617 Mail
1350 1580 1360 1617 ;

295 1635 318 1673 $
319 1635 399 1673 3.60
434 1635 478 1673 by
516 1635 665 1673 Express
670 1635 678 1673 ,
713 1635 748 1673 at
784 1635 991 1673 purchasers
995 1635 1003 1673 '
1034 1635 1186 1673 expense
1190 1635 1201 1673 .
1250 1635 1361 1673 Word

296 1690 447 1731 editions
451 1690 458 1731 ,
488 1690 637 1731 without
671 1690 767 1731 notes
772 1690 779 1731 ,
811 1690 834 1731 $
838 1690 914 1731 1.44
946 1690 1006 1731 per
1038 1690 1146 1731 dozen
1177 1690 1221 1731 by
1256 1690 1344 1731 Mail
1350 1690 1362 1731 ;

353 1747 398 1785 20
414 1747 460 1785 by
479 1747 630 1787 Express

340 1798 436 1837 Send
469 1798 508 1836 or
529 1799 601 1837 free
622 1799 796 1839 specimen
820 1800 928 1840 pages
938 1801 947 1839 ;
983 1801 1055 1840 also
1076 1802 1149 1840 free
1165 1802 1362 1842 specimens

296 1858 340 1896 of
367 1858 513 1896 Sday
614 1858 670 1896 ool
703 1858 829 1896 Papers
833 1858 840 1896 ,
866 1858 936 1896 free
967 1858 1159 1896 Catalogue
1184 1858 1223 1896 or
1247 1858 1348 1896 Alma-

299 1924 363 1943 nac
366 1924 376 1943 .
430 1916 569 1943 Aadress

324 1987 560 2072 Southern
586 1990 852 2075 Methodist
875 1993 1148 2078 Publishing
1172 1997 1326 2081 House
1320 1999 1340 2080 ,

298 2127 323 2158 5.
336 2127 367 2158 B.
380 2127 534 2161 MCFERRIN
537 2130 543 2161 ,
560 2130 647 2163 Agent
647 2132 655 2163 .

773 2133 1127 2166 NASHVILLE
1134 2133 1143 2166 ,
1176 2133 1341 2166 TENN
1349 2133 1360 2166 .
