2151 2802
240 193 283 254 8

721 188 1070 265 Elementary
1086 194 1445 271 Department
1446 201 1460 271 .

906 303 1140 336 CHAPTER
1166 303 1242 336 XII
1241 303 1253 336 .

863 365 1057 407 MELODIOS
1059 369 1070 406 .
1123 370 1229 410 Clefs
1225 372 1238 409 .

296 449 353 491 79.
381 449 459 491 The
476 449 639 493 notation
658 450 701 492 of
715 450 736 492 a
752 450 854 493 piece
871 451 913 493 of
925 451 1039 494 music
1059 452 1188 495 should
1206 452 1249 495 be
1269 453 1356 495 kept
1373 453 1410 495 as
1429 453 1538 496 much
1555 454 1593 496 as
1611 454 1770 498 possible
1786 455 1874 497 with-

242 495 285 539 in
295 495 357 539 the
368 495 453 539 long
462 495 554 540 lines
567 496 638 540 and
651 496 776 540 spaces
790 497 833 541 of
841 497 905 541 the
916 497 1005 541 staff
1006 497 1013 541 .
1037 498 1163 542 Ladies
1169 498 1178 542 '
1188 498 1308 543 voices
1321 499 1382 543 are
1393 499 1520 543 higher
1530 499 1618 544 than
1629 500 1744 544 men's
1757 500 1876 545 voices
1878 501 1889 545 ,

245 541 319 585 and
334 541 372 585 in
389 541 497 585 order
509 542 549 586 to
565 541 752 587 represent
766 543 829 587 the
846 543 983 588 pitches
1000 543 1103 588 these
1118 544 1193 588 two
1210 544 1342 590 classes
1359 545 1404 589 of
1418 545 1539 589 voices
1557 546 1637 590 sing
1639 546 1646 590 ,
1666 546 1728 590 the
1744 546 1835 591 staff
1847 547 1880 591 is

246 588 352 631 made
368 588 404 631 to
422 588 606 633 represent
622 589 759 634 pitches
777 590 814 633 in
833 590 902 633 two
921 591 1018 634 ways
1024 591 1030 634 .
1063 591 1180 636 When
1196 592 1223 635 it
1239 592 1268 635 is
1288 592 1429 637 wanted
1446 593 1483 636 to
1501 593 1683 638 represent
1700 594 1763 637 the
1775 594 1874 638 pitch-

244 659 285 703 es
299 659 378 703 that
393 659 507 705 ladies
524 660 604 704 sing
607 660 614 704 ,
637 661 708 705 this
727 661 912 706 character
912 662 922 706 ,

1069 653 1186 699 called
1199 656 1264 700 the
1281 657 1431 704 TREBLE
1447 660 1544 705 CLEF
1545 662 1554 705 ,
1589 663 1620 707 is
1638 663 1704 708 put
1734 665 1833 711 upon
1847 667 1878 711 it
1878 668 1887 711 .

245 702 323 744 The
341 703 431 745 staff
444 704 533 746 then
549 706 749 749 represents
779 709 919 751 pitches
1072 708 1109 743 as
1135 707 1279 744 follows
1285 708 1294 743 :
1324 709 1400 744 The
1431 709 1508 744 first
1540 709 1653 745 added
1670 710 1743 745 line
1774 710 1888 746 below

242 748 368 791 stands
383 749 444 791 for
454 750 518 791 the
529 750 628 793 pitch
642 751 669 792 C
674 751 684 792 ;
702 752 763 793 the
780 752 858 794 first
872 752 980 795 space
1073 755 1090 797 (
1090 755 1198 797 space
1213 755 1329 797 below
1332 756 1348 798 )
1381 756 1502 798 stands
1531 756 1588 798 for
1617 757 1716 799 pitch
1735 757 1767 799 D
1772 757 1781 799 ;
1815 757 1893 800 first

244 798 320 841 line
337 798 366 841 E
370 798 379 841 ;
400 798 536 842 second
552 799 660 842 space
677 799 704 842 F
709 799 717 842 ;
741 799 872 843 second
890 800 962 843 line
982 800 1010 843 G
1014 800 1021 843 ;
1043 800 1141 844 third
1158 801 1266 844 space
1283 801 1313 844 A
1319 801 1326 844 ;
1348 802 1446 845 third
1476 802 1549 845 line
1566 802 1595 845 B
1600 803 1608 846 ;
1629 803 1755 846 fourth
1783 803 1890 846 space

244 844 274 887 C
278 844 288 887 ;
306 843 433 888 fourth
448 845 522 888 line
540 845 571 888 D
577 845 583 888 ;
604 845 689 889 fifth
707 846 816 890 space
845 846 872 889 E
878 847 885 890 ;
907 847 991 890 fifth
1008 847 1081 891 line
1100 848 1127 891 F
1132 848 1140 891 ;
1162 848 1258 891 sixth
1276 849 1387 893 space
1405 849 1445 892 G.
1477 850 1516 893 If
1533 850 1586 893 we
1604 850 1650 893 go
1671 850 1798 895 higher
1799 851 1808 894 ,
1827 851 1890 895 the

243 888 384 937 pitches
401 888 628 937 represented
646 888 683 937 in
703 888 845 937 regular
863 888 968 937 order
1000 888 1061 937 are
1064 888 1070 937 ,
1094 888 1126 937 A
1128 888 1135 937 ,
1160 888 1192 937 B
1195 888 1201 937 ,
1224 888 1254 937 C
1256 888 1263 937 ,
1286 888 1318 937 D
1324 888 1331 937 ,
1354 888 1420 937 etc.
1467 888 1545 937 The
1562 888 1677 937 added
1707 888 1801 937 lines
1818 888 1889 937 and

242 940 370 983 spaces
387 940 504 983 below
521 940 706 983 represent
722 940 860 983 pitches
879 940 916 983 as
935 940 1081 983 follows
1085 940 1093 983 ,
1116 940 1311 983 beginning
1329 940 1417 983 with
1449 940 1528 983 first
1543 940 1659 983 added
1674 940 1748 983 line
1751 940 1761 983 :
1781 940 1807 983 C
1812 940 1821 983 ,
1840 940 1872 983 B
1874 940 1884 983 ,

241 987 278 1026 A
276 986 287 1025 ,
312 986 342 1025 G
347 985 371 1025 ,.
394 984 461 1025 etc.

290 1031 347 1071 80.
379 1031 495 1072 When
512 1032 575 1072 the
588 1032 676 1072 staff
691 1032 720 1072 is
741 1032 882 1074 wanted
900 1033 935 1073 to
954 1033 1138 1075 represent
1155 1034 1214 1075 the
1233 1034 1370 1076 pitches
1388 1036 1466 1076 that
1483 1036 1565 1076 men
1584 1036 1664 1077 sing
1666 1037 1673 1077 ,
1695 1037 1766 1077 this
1783 1037 1872 1078 char-

241 1078 343 1122 acter
343 1078 354 1122 ,
470 1079 591 1124 called
602 1079 668 1123 the
683 1080 785 1124 BASE
801 1080 899 1124 CLEF
899 1081 907 1125 ,
922 1081 952 1125 is
971 1081 1035 1125 put
1051 1081 1150 1126 upon
1165 1082 1192 1126 it
1195 1082 1202 1126 .
1234 1082 1311 1126 The
1328 1083 1417 1127 staff
1426 1083 1514 1127 then
1528 1083 1729 1129 represents
1748 1084 1886 1130 pitches

242 1146 281 1188 in
297 1146 359 1188 the
376 1146 567 1189 following
585 1147 689 1189 order
692 1147 698 1189 ,
723 1147 918 1191 beginning
937 1148 1023 1191 with
1041 1149 1102 1191 the
1119 1149 1196 1191 first
1213 1149 1286 1192 line
1289 1150 1296 1192 :
1321 1150 1353 1192 G
1354 1150 1360 1192 ,
1386 1150 1417 1192 A
1420 1150 1427 1192 ,
1452 1150 1482 1192 B
1485 1151 1491 1193 ,
1514 1151 1541 1193 C
1548 1151 1554 1193 ,
1578 1151 1609 1193 D
1614 1151 1619 1193 ,
1645 1151 1674 1193 E
1678 1151 1685 1193 ,
1709 1151 1738 1193 F
1740 1152 1747 1194 ,
1770 1152 1803 1194 G
1806 1152 1815 1194 ,
1836 1152 1872 1194 A
1870 1152 1882 1194 ,

241 1195 275 1232 B
274 1195 284 1232 ,
307 1195 336 1232 C
337 1195 363 1232 ,.
384 1195 450 1232 etc.

291 1239 347 1278 81.
378 1239 454 1278 The
471 1239 546 1278 first
565 1239 678 1279 added
696 1240 768 1279 line
786 1240 903 1280 below
923 1241 1027 1280 when
1045 1241 1105 1280 the
1122 1242 1236 1281 treble
1254 1242 1327 1281 clef
1345 1242 1372 1281 is
1391 1242 1477 1282 used
1481 1243 1488 1282 ,
1513 1243 1583 1282 and
1600 1243 1661 1282 the
1677 1244 1756 1283 first
1771 1244 1886 1283 added

242 1285 361 1326 above
377 1285 484 1325 when
498 1286 562 1326 the
578 1286 663 1326 base
679 1287 755 1327 clef
770 1287 800 1327 is
819 1287 905 1327 used
909 1288 916 1328 ,
938 1287 1122 1329 represent
1139 1289 1201 1329 the
1218 1289 1315 1329 same
1328 1289 1426 1330 pitch
1446 1290 1472 1330 C
1475 1290 1482 1330 ,
1508 1290 1576 1331 and
1593 1291 1654 1331 are
1672 1291 1733 1331 the
1764 1291 1886 1333 centre

242 1332 315 1374 and
329 1331 535 1375 junctional
552 1333 653 1375 point
670 1333 714 1375 of
729 1333 791 1376 the
808 1334 880 1376 two
899 1334 1016 1376 staves
1022 1335 1029 1377 .
1059 1335 1135 1377 The
1149 1335 1247 1377 pitch
1265 1335 1350 1378 they
1366 1336 1500 1379 jointly
1528 1336 1714 1380 represent
1728 1337 1761 1379 is
1775 1337 1887 1380 about

241 1382 402 1427 midway
420 1382 482 1427 the
497 1382 593 1427 male
611 1382 682 1427 and
702 1382 837 1427 female
855 1382 976 1427 voices
981 1382 988 1427 ,
1007 1382 1078 1427 and
1091 1382 1120 1427 is
1139 1382 1253 1427 called
1271 1382 1424 1427 MIDDLE
1440 1382 1479 1427 C.
1511 1382 1575 1427 See
1592 1382 1653 1427 the
1669 1382 1861 1427 following

966 1440 1146 1473 EXAMPLE
1148 1441 1156 1472 .

1243 1514 1394 1616 F

247 1657 318 1717 9

884 1783 1115 1814 CHAPTER
1144 1783 1237 1814 XIII
1238 1783 1248 1814 .

757 1848 946 1891 MELODICS
948 1849 957 1890 .

1014 1850 1119 1891 Keys
1122 1850 1156 1891 -
1172 1850 1256 1892 Key
1274 1851 1318 1892 of
1332 1851 1373 1892 C.

288 1920 348 1963 82.
377 1920 495 1963 Every
512 1920 608 1963 scale
622 1920 691 1963 and
709 1920 796 1963 tune
806 1920 834 1963 is
855 1920 979 1963 within
999 1920 1099 1963 some
1115 1920 1186 1963 key
1191 1920 1199 1963 .
1231 1920 1313 1963 One
1331 1920 1373 1963 of
1389 1920 1498 1963 every
1514 1920 1609 1963 scale
1626 1920 1656 1963 is
1687 1920 1802 1963 called
1818 1920 1880 1963 the

240 1967 314 2009 key
316 1967 328 2009 -
329 1967 417 2009 tone
418 1967 426 2009 ,
448 1967 520 2009 and
536 1967 597 2009 the
614 1967 714 2009 pitch
731 1967 841 2009 taken
858 1967 916 2009 for
932 1967 994 2009 the
1011 1967 1081 2009 key
1084 1967 1096 2009 -
1100 1967 1184 2009 tone
1199 1967 1299 2009 gives
1316 1967 1422 2009 name
1438 1967 1476 2009 to
1492 1967 1553 2009 the
1564 1967 1633 2009 key
1637 1967 1645 2009 .
1675 1967 1772 2009 Thus
1777 1967 1784 2009 ,
1803 1967 1842 2009 if
1851 1967 1879 2009 C

240 2012 289 2055 be
304 2012 375 2055 one
375 2012 383 2055 ,
405 2012 468 2055 the
484 2012 578 2055 scale
597 2012 635 2055 or
652 2012 738 2055 tune
754 2012 783 2055 is
801 2012 838 2055 in
852 2012 912 2055 the
930 2012 1000 2055 key
1017 2012 1059 2055 of
1071 2012 1097 2055 C
1103 2012 1110 2055 ;
1129 2012 1164 2055 if
1181 2012 1214 2055 D
1231 2012 1274 2055 be
1292 2012 1361 2055 one
1362 2012 1369 2055 ,
1392 2012 1420 2055 it
1435 2012 1464 2055 is
1482 2012 1520 2055 in
1533 2012 1595 2055 the
1606 2012 1676 2055 key
1687 2012 1730 2055 of
1746 2012 1779 2055 D
1782 2012 1791 2055 ;
1806 2012 1873 2055 etc.

288 2059 347 2101 83.
376 2059 530 2101 Musical
544 2059 759 2101 instruction
777 2059 919 2101 usually
937 2059 1060 2101 begins
1080 2059 1166 2101 with
1183 2059 1244 2101 the
1261 2059 1333 2101 key
1348 2059 1393 2101 of
1410 2059 1447 2101 C.
1478 2059 1555 2101 The
1572 2059 1660 2101 staff
1674 2059 1703 2101 is
1723 2059 1829 2101 made
1838 2059 1879 2101 to

240 2105 427 2147 represent
438 2105 500 2147 the
519 2105 588 2147 key
606 2105 650 2147 of
666 2105 691 2147 C
710 2105 756 2147 by
774 2105 909 2147 having
926 2105 1020 2147 none
1038 2105 1079 2147 of
1094 2105 1139 2147 its
1157 2105 1303 2147 degrees
1321 2105 1489 2147 modified
1494 2105 1502 2147 ;
1521 2105 1605 2147 thus
1609 2105 1617 2147 ,

382 2161 500 2200 SCALE
517 2162 561 2199 OF
580 2162 607 2199 C
613 2161 620 2198 ,
643 2160 770 2198 Treble
788 2160 873 2198 Clef
872 2160 882 2197 .

1215 2163 1333 2200 SCALE
1350 2163 1394 2199 OF
1411 2163 1438 2199 C
1442 2163 1450 2199 ,
1471 2162 1565 2198 Base
1582 2162 1666 2198 Clef
1667 2162 1676 2198 .

1067 2244 1135 2312 9

327 2368 385 2411 Do
388 2368 397 2411 ,
417 2368 473 2411 Re
476 2368 485 2411 ,
514 2368 567 2411 Mi
570 2368 579 2411 ,
599 2368 652 2411 Fa
657 2368 665 2411 ,
684 2368 746 2411 Sol
749 2368 757 2411 ,
781 2368 831 2411 La
834 2368 842 2411 ,
880 2368 916 2411 Si
922 2368 929 2411 ,
950 2368 1018 2411 Do.

1164 2371 1220 2413 Do
1224 2371 1232 2412 ,
1250 2371 1306 2412 Re
1309 2371 1316 2412 ,
1337 2371 1389 2412 Mi
1392 2371 1399 2412 ,
1430 2370 1481 2411 Fa
1484 2370 1490 2411 ,
1527 2370 1587 2411 Sol
1590 2370 1597 2411 ,
1634 2369 1684 2411 La
1687 2369 1693 2410 ,
1725 2369 1763 2410 Si
1765 2369 1775 2410 ,
1801 2369 1872 2410 Do.

287 2423 344 2466 84.
374 2423 427 2466 To
446 2423 553 2467 make
567 2424 631 2467 the
648 2424 738 2467 staff
751 2424 934 2469 represent
952 2425 1053 2469 other
1071 2426 1158 2469 keys
1177 2426 1263 2470 than
1277 2427 1303 2470 C
1307 2427 1313 2470 ,
1338 2427 1406 2470 one
1426 2427 1465 2471 or
1482 2428 1581 2471 more
1599 2428 1640 2471 of
1657 2428 1700 2472 its
1720 2428 1866 2473 degrees

240 2473 340 2506 must
355 2473 400 2506 be
415 2473 584 2506 modified
589 2473 598 2506 .
