2366 3492
180 146 374 220 Huma

192 227 354 299 1886

188 309 359 379 Dort

347 373 474 465 No.
498 373 570 465 2.
602 373 658 465 I
689 373 806 465 Am
841 373 1094 465 Besting
1127 373 1221 465 In
1251 373 1382 465 The
1415 373 1689 465 Savior's
1722 373 1896 465 Love
1890 373 1911 465 .

681 502 702 530 "
714 502 764 530 We
780 502 878 530 which
893 502 969 530 have
982 502 1117 530 believed
1131 502 1168 530 do
1182 502 1268 530 enter
1280 502 1346 530 into
1359 502 1419 530 rest
1421 502 1427 530 .
1429 502 1443 530 "
1446 502 1470 530 -
1481 502 1548 530 Heb
1551 502 1556 530 .
1570 502 1588 530 4
1593 502 1601 530 :
1619 502 1637 530 3
1640 502 1648 530 .

429 559 509 586 REV
513 559 521 586 .
536 559 566 586 E.
582 559 617 586 A.
632 559 828 586 HOFFMAN
832 559 840 586 .

419 693 458 734 4

1178 638 1305 749 F

440 806 474 847 1.
500 806 555 847 Oh
570 806 580 847 !
596 806 654 847 my
672 806 771 847 heart
809 806 836 847 is
869 806 1016 847 thrilled
1035 806 1118 847 with
1139 806 1331 847 wond'rous
1343 806 1403 847 joy

438 852 470 880 2.
494 852 543 880 At
588 852 650 880 the
675 852 757 880 foun
764 852 773 880 -
776 852 848 880 tain

439 894 472 934 3.
498 894 560 934 All
592 894 650 934 my
667 894 792 934 doubts
805 894 867 934 are

949 851 1131 893 opened
1148 850 1203 889 for
1250 848 1314 887 the
1325 846 1405 886 soul

930 895 1099 938 vanished
1102 896 1111 934 ,
1140 894 1192 933 all

1246 900 1307 939 my
1321 891 1412 932 fears

421 1011 460 1052 4

421 1063 455 1101 4

441 1365 513 1402 rest
528 1364 620 1401 -ing
664 1365 703 1400 in
764 1359 828 1403 the

441 1409 621 1445 resting
665 1409 703 1445 in
764 1408 829 1449 the

442 1455 623 1489 resting
665 1455 705 1489 in
763 1450 830 1490 the

463 1921 537 1955 sins
604 1934 627 1953 a
710 1934 783 1962 way
788 1934 798 1962 ,
867 1923 891 1954 I

463 1966 540 2001 free
603 1969 643 2004 ly
733 1968 769 2003 in
775 1968 783 2003 ,

869 1969 890 1997 I

465 2007 561 2045 work
600 2009 669 2046 was
697 2010 789 2047 done
789 2011 797 2047 ,

869 2013 890 2042 I

563 1985 575 1989 1

650 1940 668 1944 CYMD

466 2268 651 2302 REFRAIN
656 2270 663 2302 .

431 2331 634 2456 #

1548 559 1586 585 D.
1601 559 1633 585 E.
1646 559 1803 585 DORTCH
1809 559 1816 585 .

1342 1197 1444 1309 F

871 1359 919 1403 Sa
920 1359 939 1403 -
941 1359 1044 1403 vior's
1069 1359 1150 1403 love
1151 1359 1159 1403 ;
1172 1359 1288 1403 Christ
1292 1359 1300 1403 ,
1312 1359 1375 1403 the
1387 1359 1483 1403 Lord
1488 1359 1494 1403 ,
1512 1359 1574 1403 has
1586 1359 1736 1403 taken
1751 1359 1800 1403 all
1817 1359 1875 1403 my

873 1408 919 1449 Sa
919 1408 937 1449 -
943 1408 1044 1449 vior's
1067 1408 1146 1449 love
1149 1408 1156 1449 ;
1181 1408 1347 1449 Trusting
1379 1408 1414 1449 in
1465 1408 1533 1449 His
1555 1408 1657 1449 grace
1674 1408 1692 1449 I
1728 1408 1897 1449 ventured

872 1450 918 1490 Sa
920 1450 939 1490 -
942 1450 1045 1490 vior's
1068 1450 1147 1490 love
1150 1450 1158 1490 ;
1185 1450 1299 1490 When
1320 1450 1338 1490 I
1376 1450 1466 1490 trust
1469 1450 1484 1490 -
1490 1450 1531 1490 ed
1579 1450 1728 1490 Jesus
1731 1450 1738 1490 ,
1758 1450 1790 1490 lo
1804 1450 1813 1490 !
1838 1450 1899 1490 the

956 1923 1010 1962 am
1031 1921 1212 1961 resting
1254 1920 1294 1958 in

957 1967 1012 2006 am
1031 1965 1211 2005 resting
1254 1965 1293 2003 in

957 2012 1011 2051 am
1031 2010 1210 2050 resting
1253 2010 1293 2047 in

1801 817 1854 838 am

1475 806 1515 843 to
1538 806 1557 843 -
1579 806 1648 843 day
1649 807 1659 844 ,
1719 808 1740 837 I

1466 853 1514 887 un
1532 853 1548 885 -
1561 850 1663 885 clean
1665 851 1674 883 ,
1715 850 1741 882 I

1471 898 1533 934 are
1573 898 1666 934 gone
1665 898 1674 934 ,
1720 898 1739 934 I
1799 905 1850 926 am

1799 860 1851 882 am

1584 1773 1735 1873 H
1894 1780 1926 1874 I

1378 1920 1440 1952 the
1462 1919 1675 1953 Savior's
1700 1921 1779 1953 love
1780 1921 1789 1953 .

1377 1965 1439 1997 the
1463 1965 1676 1999 Savior's
1699 1967 1779 1999 love
1779 1968 1788 1999 .

1375 2009 1440 2039 the
1462 2009 1673 2040 Savior's
1697 2011 1778 2042 love
1779 2011 1790 2041 .

442 2539 464 2580 I
507 2538 563 2579 am
590 2538 662 2579 rest
663 2538 679 2579 -
684 2537 746 2579 ing
749 2537 755 2578 ,
794 2537 896 2578 sweet
957 2536 991 2578 ly
1012 2536 1142 2577 resting
1146 2536 1152 2577 ,
1169 2536 1184 2577 I
1203 2536 1258 2577 am
1284 2535 1414 2576 resting
1440 2535 1475 2576 in
1508 2534 1567 2575 the
1599 2533 1746 2576 Savior's
1775 2533 1855 2574 love
1863 2533 1873 2574 ;

442 2580 465 2625 I
507 2580 567 2625 am
577 2580 713 2625 resting
713 2580 721 2625 ,
733 2580 862 2625 resting
868 2580 875 2625 ,
890 2580 1029 2625 sweetly
1032 2580 1039 2625 ,
1045 2580 1177 2625 resting
1178 2580 1184 2625 ,
1191 2580 1209 2625 I
1223 2580 1278 2625 am
1293 2580 1424 2625 resting
1448 2580 1483 2625 in
1512 2580 1572 2625 the
1600 2580 1749 2625 Savior's
1776 2580 1857 2625 love
1865 2580 1875 2625 ;

486 2905 521 2948 4.
546 2905 578 2948 O
592 2905 654 2948 the
670 2905 759 2949 bliss
775 2906 843 2949 and
862 2906 1004 2951 rapture
1014 2907 1024 2950 !
1050 2907 1082 2950 O
1096 2907 1156 2950 the
1175 2907 1365 2952 wond'rous
1382 2908 1486 2951 peace
1499 2909 1507 2952 !
1533 2909 1549 2952 I
1567 2909 1622 2952 am
1640 2909 1705 2952 etc.
1704 2909 1715 2952 ,

587 2955 607 2997 I
628 2955 719 2997 have
735 2955 844 2997 never
859 2955 986 2997 known
1003 2955 1040 2997 so
1056 2955 1143 2997 pure
1160 2955 1179 2997 a
1192 2955 1251 2997 joy
1269 2955 1303 2997 as
1321 2955 1390 2997 this
1396 2955 1402 2997 ,
1420 2955 1437 2997 I
1455 2955 1511 2997 am
1527 2955 1594 2997 etc.

484 3017 521 3061 5.
541 3017 590 3061 So
605 3017 622 3061 I
640 3017 712 3061 live
729 3017 896 3063 rejoicing
913 3018 948 3062 in
968 3018 1035 3063 His
1053 3019 1132 3063 love
1148 3019 1234 3063 each
1250 3019 1317 3064 day
1322 3020 1328 3064 ,
1348 3020 1365 3064 I
1382 3020 1441 3064 am
1452 3020 1517 3064 etc.
1522 3020 1531 3064 ,

588 3066 608 3108 I
622 3066 678 3108 am
697 3066 852 3108 walking
869 3066 955 3108 with
975 3066 1062 3108 Him
1078 3066 1114 3108 in
1132 3066 1193 3108 the
1208 3066 1341 3108 narrow
1360 3066 1433 3108 way
1439 3066 1447 3108 ,
1464 3066 1482 3108 I
1498 3066 1554 3108 am
1571 3066 1638 3108 etc.

1117 3123 1145 3157 4
