2417 3609
362 905 502 989 946

367 1488 430 1549 9
421 1488 455 1548 :
432 1488 465 1548 #

486 440 650 489 THAT
682 440 1026 489 BEAUTIFUL
1059 440 1289 489 GOLDEN
1324 440 1480 489 GATE
1491 440 1498 489 .
1562 440 1815 489 Concluded
1820 440 1832 489 .

380 3068 428 3128 )
404 3067 442 3127 :

469 642 511 681 6

465 688 512 726 8

509 576 590 598 Solo
595 576 605 598 .

467 958 512 996 8

1791 745 1833 794 풍
1835 745 1899 794 으로
1901 745 1943 794 통

639 819 671 852 Is
683 819 772 852 there
782 819 839 852 an-
850 819 872 852 y
906 819 961 852 one
974 819 1046 852 here
1060 819 1129 852 who
1139 819 1162 852 is
1177 819 1228 852 not
1242 819 1391 852 prepared
1402 819 1433 852 to
1445 819 1480 852 en
1484 819 1494 852 -
1498 819 1547 852 ter
1560 819 1632 852 that
1644 819 1754 852 golden
1782 819 1856 852 gate
1859 819 1874 852 ?
1902 819 1947 852 Be

463 3058 485 3121 111

457 1383 546 1417 read-
560 1383 580 1417 y
584 1383 590 1417 ,
594 1383 641 1417 for
650 1383 721 1417 soon
732 1383 786 1417 the
797 1383 871 1417 time
884 1383 948 1417 will
956 1383 1039 1417 come
1051 1383 1082 1417 to
1091 1383 1129 1417 en
1132 1383 1143 1417 -
1147 1383 1196 1417 ter
1208 1383 1261 1417 the
1272 1383 1382 1417 golden
1419 1383 1493 1417 gate
1498 1383 1502 1417 .
1519 1383 1606 1417 Don't
1618 1383 1662 1417 let
1693 1383 1718 1417 it
1759 1383 1796 1417 be
1810 1383 1880 1417 said
1883 1383 1890 1417 ,
1895 1383 1946 1417 too

402 1695 574 1806 3

460 1867 527 1901 late
530 1867 537 1901 ,
540 1867 591 1901 too
596 1867 664 1901 late
668 1867 675 1901 ,
685 1867 718 1901 to
749 1867 881 1901 enter
899 1867 952 1901 the
963 1867 1033 1901 gold
1037 1867 1048 1901 -
1048 1867 1086 1901 en
1133 1867 1209 1901 gate
1212 1867 1219 1901 ;
1257 1867 1298 1901 Be
1310 1867 1386 1901 read
1399 1867 1412 1901 -
1422 1867 1442 1901 y
1446 1867 1453 1901 ,
1486 1867 1533 1901 for
1542 1867 1614 1901 soon
1625 1867 1678 1901 the
1689 1867 1764 1901 time
1776 1867 1841 1901 will
1850 1867 1935 1901 come
1943 1867 1978 1901 to

912 2171 1092 2195 CHORUS
1096 2171 1106 2195 .

1444 1114 1543 1138 Duet
1548 1114 1554 1138 .
1577 1114 1694 1138 Tenor
1714 1114 1786 1138 and
1814 1114 1898 1138 Alto
1904 1114 1912 1138 .

1351 1193 1465 1278 H

473 2407 527 2440 en-
538 2407 587 2440 ter
600 2407 671 2440 that
684 2407 795 2440 golden
831 2407 905 2440 gate
911 2407 915 2440 .
928 2407 1007 2440 That
1020 2407 1209 2440 beautiful
1212 2407 1219 2440 ,
1222 2407 1292 2440 gold
1296 2407 1306 2440 -
1307 2407 1346 2440 en
1415 2406 1489 2439 gate
1493 2406 1499 2439 ,
1532 2406 1611 2439 That
1623 2406 1815 2441 beautiful
1820 2407 1826 2440 ,
1829 2407 1897 2441 gold
1902 2408 1914 2441 -
1915 2408 1955 2441 en

792 2536 936 2678 B

1131 3189 1184 3218 -9-

1708 2734 1846 2781 Repeat
1846 2741 1857 2780 .
1880 2743 1928 2784 pp

487 2942 563 2972 gate
564 2943 574 2970 ;
634 2941 675 2972 Be
688 2941 821 2972 ready
824 2941 831 2972 ,
862 2941 910 2972 for
923 2941 994 2972 soon
1006 2941 1058 2972 the
1068 2941 1142 2972 time
1155 2941 1218 2972 will
1227 2941 1310 2972 come
1321 2941 1353 2972 to
1362 2941 1482 2972 enter
1496 2941 1568 2972 that
1577 2941 1688 2972 golden
1735 2941 1810 2972 gate
1812 2941 1821 2972 .
