2758 2225
298 206 364 234 MRS
368 206 374 233 .
399 206 431 233 C.
453 205 487 233 L.
507 204 749 233 SHACKLOCK
756 204 763 231 .

270 280 322 307 14

286 751 326 783 4

188 1337 257 1399 9
253 1337 288 1398 *

222 415 257 462 1.
282 415 389 462 Have
405 415 480 462 you
495 416 645 464 worked
661 416 698 463 in
715 416 781 463 the
796 416 970 465 Master's
987 417 1171 466 vineyard
1183 418 1198 465 ?
1217 418 1326 465 Have
1345 419 1420 466 you
1441 419 1499 466 led
1519 419 1557 466 to
1587 420 1650 467 the
1679 420 1747 467 nar
1750 420 1761 467 -
1765 420 1839 467 row
1858 421 1941 468 way
1991 424 2026 454 A
2061 426 2079 469 -
2096 424 2149 468 ny
2169 417 2336 466 fainting
2359 415 2436 461 and

218 477 256 524 2.
281 477 391 524 Have
403 477 481 524 you
497 477 647 524 worked
663 477 701 524 in
717 477 783 524 the
798 477 966 524 Master's
984 477 1165 524 vineyard
1176 477 1192 524 ?
1211 477 1320 524 Have
1334 477 1407 524 you
1421 477 1558 524 sought
1574 477 1621 524 by
1638 477 1734 524 your
1748 477 1813 524 life
1830 477 1866 524 to
1879 477 1993 524 prove
2006 477 2105 524 That
2120 477 2194 524 you
2211 477 2310 524 walk
2326 477 2366 524 in
2385 477 2453 524 the

220 536 254 583 3.
278 536 316 583 Is
363 536 431 583 the
476 536 578 583 light
603 536 644 583 of
668 536 766 583 your
791 536 893 583 lamp
920 536 942 583 a
990 536 1060 583 bea
1069 536 1082 583 -
1089 536 1158 583 con
1163 536 1169 583 ,
1209 536 1307 583 That
1322 536 1400 583 will
1410 536 1524 583 guide
1539 536 1604 583 the
1618 536 1820 583 wand'rers
1836 536 1947 583 home
1960 536 1977 583 ?
1995 536 2106 583 Have
2123 536 2198 582 you
2220 536 2298 582 laid
2316 536 2370 582 up
2394 536 2420 582 a

219 593 257 640 4.
282 593 392 640 Have
411 593 487 640 you
506 593 695 640 sheltered
719 593 784 640 the
803 593 893 640 poor
913 593 988 640 and
1008 593 1128 640 needy
1140 593 1156 640 ?
1177 593 1286 640 Have
1298 593 1371 640 you
1386 593 1549 640 brightened
1562 593 1636 640 their
1649 593 1775 640 hearts
1786 593 1862 640 and
1876 593 2002 640 homes
2014 593 2030 640 ?
2048 593 2127 640 Can
2150 593 2225 640 you
2245 593 2339 640 offer
2371 593 2439 640 the

194 1804 273 1852 98

1112 141 1273 197 Work
1276 142 1286 196 ,
1322 140 1535 196 Brother
1539 140 1551 194 .

1634 854 1809 877 CHORUS
1813 855 1821 876 .

298 1929 430 1956 Copyright
434 1929 438 1956 ,
448 1929 501 1956 1886
504 1929 508 1956 ,
521 1929 550 1956 by
569 1929 697 1956 FILLMORE
712 1929 778 1956 BROS
778 1929 787 1956 .

2228 209 2257 232 J.
2277 209 2316 232 H.
2338 209 2372 232 R.

1603 908 1707 998 E

2406 147 2474 192 33

304 1060 474 1103 falt'ring
500 1060 655 1103 brother
658 1060 666 1103 ,
730 1058 827 1096 Who
853 1058 921 1096 has
959 1058 1054 1096 gone
1082 1058 1174 1096 from
1197 1058 1261 1096 the
1285 1058 1365 1096 fold
1400 1058 1424 1096 a
1444 1058 1461 1096 -

1481 1062 1584 1104 stray
1594 1062 1613 1101 ?

304 1117 373 1163 nar
373 1117 388 1163 -
388 1117 461 1163 row
488 1117 666 1163 pathway
672 1117 680 1163 ,
729 1117 831 1163 That
856 1117 929 1163 you
957 1117 1057 1163 trust
1095 1117 1134 1163 in
1177 1117 1241 1163 the
1267 1117 1459 1163 Saviour's
1484 1117 1569 1163 love
1580 1117 1598 1163 ?
1623 1117 1739 1163 Work
1741 1117 1748 1163 ,
1773 1117 1928 1163 brother
1931 1117 1938 1163 ,
1958 1117 2013 1163 for
2035 1117 2101 1163 the
2125 1117 2266 1163 Master
2285 1117 2435 1163 cometh
2448 1117 2458 1163 ;

301 1176 392 1217 gold
393 1176 406 1214 -
408 1175 455 1214 en
503 1171 575 1212 har
577 1172 590 1210 -
588 1169 672 1210 vest
734 1175 807 1207 For
856 1175 921 1206 the
965 1174 1031 1205 life
1094 1174 1135 1205 in

303 1231 457 1275 sheaves
474 1232 519 1274 of
532 1230 708 1274 gladness
736 1230 857 1273 When
878 1230 941 1272 the
963 1230 1063 1272 Lord
1095 1229 1138 1271 of

1177 1174 1242 1205 the
1262 1174 1377 1205 world
1404 1174 1442 1205 to
1477 1174 1580 1205 come
1590 1174 1609 1205 ?

1179 1229 1242 1271 the
1265 1228 1332 1271 har
1347 1228 1360 1270 -
1373 1228 1454 1270 vest
1479 1227 1601 1270 comes
1608 1227 1628 1269 ?

268 1697 386 1744 Work
388 1697 396 1744 ,
415 1697 573 1744 brother
575 1697 582 1744 ,
602 1697 650 1744 he
668 1697 746 1744 will
765 1697 831 1744 say
849 1697 888 1744 to
906 1697 995 1744 thee
1011 1697 1021 1744 :
1041 1697 1063 1744 "
1075 1697 1148 1744 For
1162 1697 1250 1744 thee
1268 1697 1286 1744 I
1305 1697 1378 1744 left
1395 1697 1461 1744 the
1478 1697 1612 1744 realms
1631 1697 1675 1744 of
1693 1697 1753 1744 glo
1758 1697 1772 1744 -
1772 1697 1815 1744 ry
1820 1697 1827 1744 ,
1856 1697 1974 1744 What
1984 1697 2068 1744 hast
2082 1697 2175 1744 thou
2189 1697 2287 1744 done
2300 1697 2356 1744 for
2367 1697 2428 1744 me
2433 1697 2455 1744 ?
2458 1697 2479 1744 "

949 1760 986 1784 2

1476 1803 1540 1910 E

2326 1780 2478 1921 G
