<?xml version="1.0" encoding="UTF-8" standalone="no"?>
<PcGts xmlns:xsi="http://www.w3.org/2001/XMLSchema-instance" xmlns="http://schema.primaresearch.org/PAGE/gts/pagecontent/2019-07-15" xsi:schemaLocation="http://schema.primaresearch.org/PAGE/gts/pagecontent/2019-07-15 http://schema.primaresearch.org/PAGE/gts/pagecontent/2019-07-15/pagecontent.xsd">
  <Metadata>
    <Creator/>
    <Created>1970-01-01T01:00:00</Created>
    <LastChange>1970-01-01T01:00:00</LastChange>
    <Comments/>
  </Metadata>
  <Page imageFilename="images/1886-Greata-EMU-0150.jpg" imageHeight="3303" imageWidth="2194">
    <TextRegion id="r1">
      <Coords points="375,248 591,252 590,301 374,297"/>
      <TextLine id="l1">
        <Coords points="374,248 591,248 591,300 374,300"/>
        <Word id="w1">
          <Coords points="375,248 464,249 463,298 374,297"/>
          <Glyph id="c1">
            <Coords points="375,249 418,250 417,298 374,297"/>
            <TextEquiv>
              <Unicode>N</Unicode>
            </TextEquiv>
          </Glyph>
          <Glyph id="c2">
            <Coords points="421,249 446,249 445,297 420,297"/>
            <TextEquiv>
              <Unicode>o</Unicode>
            </TextEquiv>
          </Glyph>
          <Glyph id="c3">
            <Coords points="452,250 464,250 463,298 451,298"/>
            <TextEquiv>
              <Unicode>.</Unicode>
            </TextEquiv>
          </Glyph>
          <TextEquiv>
            <Unicode>No.</Unicode>
          </TextEquiv>
        </Word>
        <Word id="w2">
          <Coords points="484,250 574,251 573,300 483,299"/>
          <Glyph id="c4">
            <Coords points="484,250 508,250 507,298 483,298"/>
            <TextEquiv>
              <Unicode>1</Unicode>
            </TextEquiv>
          </Glyph>
          <Glyph id="c5">
            <Coords points="510,251 539,251 538,299 509,299"/>
            <TextEquiv>
              <Unicode>5</Unicode>
            </TextEquiv>
          </Glyph>
          <Glyph id="c6">
            <Coords points="547,251 574,251 573,299 546,299"/>
            <TextEquiv>
              <Unicode>6</Unicode>
            </TextEquiv>
          </Glyph>
          <TextEquiv>
            <Unicode>156</Unicode>
          </TextEquiv>
        </Word>
        <Word id="w3">
          <Coords points="581,252 591,252 590,300 580,300"/>
          <Glyph id="c7">
            <Coords points="581,252 591,252 590,300 580,300"/>
            <TextEquiv>
              <Unicode>.</Unicode>
            </TextEquiv>
          </Glyph>
          <TextEquiv>
            <Unicode>.</Unicode>
          </TextEquiv>
        </Word>
        <TextEquiv>
          <Unicode/>
        </TextEquiv>
      </TextLine>
      <TextEquiv>
        <Unicode/>
      </TextEquiv>
    </TextRegion>
    <TextRegion id="r2">
      <Coords points="1542,326 1903,336 1902,365 1541,355"/>
      <TextLine id="l2">
        <Coords points="1541,326 1903,326 1903,365 1541,365"/>
        <Word id="w4">
          <Coords points="1542,326 1574,327 1573,356 1541,355"/>
          <Glyph id="c8">
            <Coords points="1542,327 1565,328 1564,356 1541,355"/>
            <TextEquiv>
              <Unicode>E</Unicode>
            </TextEquiv>
          </Glyph>
          <Glyph id="c9">
            <Coords points="1568,327 1574,327 1573,355 1567,355"/>
            <TextEquiv>
              <Unicode>.</Unicode>
            </TextEquiv>
          </Glyph>
          <TextEquiv>
            <Unicode>E.</Unicode>
          </TextEquiv>
        </Word>
        <Word id="w5">
          <Coords points="1590,328 1622,329 1621,357 1589,356"/>
          <Glyph id="c10">
            <Coords points="1590,328 1611,329 1610,357 1589,356"/>
            <TextEquiv>
              <Unicode>E</Unicode>
            </TextEquiv>
          </Glyph>
          <Glyph id="c11">
            <Coords points="1616,329 1622,329 1621,357 1615,357"/>
            <TextEquiv>
              <Unicode>.</Unicode>
            </TextEquiv>
          </Glyph>
          <TextEquiv>
            <Unicode>E.</Unicode>
          </TextEquiv>
        </Word>
        <Word id="w6">
          <Coords points="1638,329 1752,332 1751,361 1637,358"/>
          <Glyph id="c12">
            <Coords points="1638,329 1664,330 1663,358 1637,357"/>
            <TextEquiv>
              <Unicode>H</Unicode>
            </TextEquiv>
          </Glyph>
          <Glyph id="c13">
            <Coords points="1671,330 1692,331 1691,359 1670,358"/>
            <TextEquiv>
              <Unicode>A</Unicode>
            </TextEquiv>
          </Glyph>
          <Glyph id="c14">
            <Coords points="1693,331 1707,331 1706,359 1692,359"/>
            <TextEquiv>
              <Unicode>S</Unicode>
            </TextEquiv>
          </Glyph>
          <Glyph id="c15">
            <Coords points="1710,331 1728,331 1727,359 1709,359"/>
            <TextEquiv>
              <Unicode>T</Unicode>
            </TextEquiv>
          </Glyph>
          <Glyph id="c16">
            <Coords points="1730,332 1752,333 1751,361 1729,360"/>
            <TextEquiv>
              <Unicode>Y</Unicode>
            </TextEquiv>
          </Glyph>
          <TextEquiv>
            <Unicode>HASTY</Unicode>
          </TextEquiv>
        </Word>
        <Word id="w7">
          <Coords points="1755,332 1761,332 1760,360 1754,360"/>
          <Glyph id="c17">
            <Coords points="1755,332 1761,332 1760,360 1754,360"/>
            <TextEquiv>
              <Unicode>,</Unicode>
            </TextEquiv>
          </Glyph>
          <TextEquiv>
            <Unicode>,</Unicode>
          </TextEquiv>
        </Word>
        <Word id="w8">
          <Coords points="1777,332 1820,333 1819,362 1776,361"/>
          <Glyph id="c18">
            <Coords points="1777,333 1797,334 1796,362 1776,361"/>
            <TextEquiv>
              <Unicode>b</Unicode>
            </TextEquiv>
          </Glyph>
          <Glyph id="c19">
            <Coords points="1800,333 1820,334 1819,362 1799,361"/>
            <TextEquiv>
              <Unicode>y</Unicode>
            </TextEquiv>
          </Glyph>
          <TextEquiv>
            <Unicode>by</Unicode>
          </TextEquiv>
        </Word>
        <Word id="w9">
          <Coords points="1835,334 1893,336 1892,365 1834,363"/>
          <Glyph id="c20">
            <Coords points="1835,334 1855,335 1854,363 1834,362"/>
            <TextEquiv>
              <Unicode>p</Unicode>
            </TextEquiv>
          </Glyph>
          <Glyph id="c21">
            <Coords points="1859,335 1877,335 1876,363 1858,363"/>
            <TextEquiv>
              <Unicode>e</Unicode>
            </TextEquiv>
          </Glyph>
          <Glyph id="c22">
            <Coords points="1877,336 1893,336 1892,364 1876,364"/>
            <TextEquiv>
              <Unicode>r</Unicode>
            </TextEquiv>
          </Glyph>
          <TextEquiv>
            <Unicode>per</Unicode>
          </TextEquiv>
        </Word>
        <Word id="w10">
          <Coords points="1895,336 1903,336 1902,364 1894,364"/>
          <Glyph id="c23">
            <Coords points="1895,336 1903,336 1902,364 1894,364"/>
            <TextEquiv>
              <Unicode>.</Unicode>
            </TextEquiv>
          </Glyph>
          <TextEquiv>
            <Unicode>.</Unicode>
          </TextEquiv>
        </Word>
        <TextEquiv>
          <Unicode/>
        </TextEquiv>
      </TextLine>
      <TextEquiv>
        <Unicode/>
      </TextEquiv>
    </TextRegion>
    <TextRegion id="r3">
      <Coords points="1547,393 1581,393 1580,510 1546,510"/>
      <TextLine id="l3">
        <Coords points="1546,393 1581,393 1581,510 1546,510"/>
        <Word id="w11">
          <Coords points="1547,393 1581,393 1580,510 1546,510"/>
          <Glyph id="c24">
            <Coords points="1547,393 1581,393 1580,510 1546,510"/>
            <TextEquiv>
              <Unicode>2</Unicode>
            </TextEquiv>
          </Glyph>
          <TextEquiv>
            <Unicode>2</Unicode>
          </TextEquiv>
        </Word>
        <TextEquiv>
          <Unicode/>
        </TextEquiv>
      </TextLine>
      <TextEquiv>
        <Unicode/>
      </TextEquiv>
    </TextRegion>
    <TextRegion id="r4">
      <Coords points="1777,404 1849,393 1863,485 1790,496"/>
      <TextLine id="l4">
        <Coords points="1777,393 1863,393 1863,496 1777,496"/>
        <Word id="w12">
          <Coords points="1777,404 1849,393 1863,485 1790,496"/>
          <Glyph id="c25">
            <Coords points="1777,404 1849,393 1863,485 1790,496"/>
            <TextEquiv>
              <Unicode>2</Unicode>
            </TextEquiv>
          </Glyph>
          <TextEquiv>
            <Unicode>2</Unicode>
          </TextEquiv>
        </Word>
        <TextEquiv>
          <Unicode/>
        </TextEquiv>
      </TextLine>
      <TextEquiv>
        <Unicode/>
      </TextEquiv>
    </TextRegion>
    <TextRegion id="r5">
      <Coords points="477,528 1561,530 1561,631 477,629"/>
      <TextLine id="l5">
        <Coords points="479,530 1561,530 1561,571 479,571"/>
        <Word id="w13">
          <Coords points="479,530 512,530 512,571 479,571"/>
          <Glyph id="c26">
            <Coords points="479,530 499,530 499,571 479,571"/>
            <TextEquiv>
              <Unicode>1</Unicode>
            </TextEquiv>
          </Glyph>
          <Glyph id="c27">
            <Coords points="503,530 512,530 512,571 503,571"/>
            <TextEquiv>
              <Unicode>.</Unicode>
            </TextEquiv>
          </Glyph>
          <TextEquiv>
            <Unicode>1.</Unicode>
          </TextEquiv>
        </Word>
        <Word id="w14">
          <Coords points="534,530 576,530 576,571 534,571"/>
          <Glyph id="c28">
            <Coords points="534,530 557,530 557,571 534,571"/>
            <TextEquiv>
              <Unicode>J</Unicode>
            </TextEquiv>
          </Glyph>
          <Glyph id="c29">
            <Coords points="557,530 576,530 576,571 557,571"/>
            <TextEquiv>
              <Unicode>e</Unicode>
            </TextEquiv>
          </Glyph>
          <TextEquiv>
            <Unicode>Je</Unicode>
          </TextEquiv>
        </Word>
        <Word id="w15">
          <Coords points="587,530 602,530 602,571 587,571"/>
          <Glyph id="c30">
            <Coords points="587,530 602,530 602,571 587,571"/>
            <TextEquiv>
              <Unicode>-</Unicode>
            </TextEquiv>
          </Glyph>
          <TextEquiv>
            <Unicode>-</Unicode>
          </TextEquiv>
        </Word>
        <Word id="w16">
          <Coords points="615,530 674,530 674,571 615,571"/>
          <Glyph id="c31">
            <Coords points="615,530 629,530 629,571 615,571"/>
            <TextEquiv>
              <Unicode>s</Unicode>
            </TextEquiv>
          </Glyph>
          <Glyph id="c32">
            <Coords points="633,530 657,530 657,571 633,571"/>
            <TextEquiv>
              <Unicode>u</Unicode>
            </TextEquiv>
          </Glyph>
          <Glyph id="c33">
            <Coords points="659,530 674,530 674,571 659,571"/>
            <TextEquiv>
              <Unicode>s</Unicode>
            </TextEquiv>
          </Glyph>
          <TextEquiv>
            <Unicode>sus</Unicode>
          </TextEquiv>
        </Word>
        <Word id="w17">
          <Coords points="678,530 686,530 686,571 678,571"/>
          <Glyph id="c34">
            <Coords points="678,530 686,530 686,571 678,571"/>
            <TextEquiv>
              <Unicode>,</Unicode>
            </TextEquiv>
          </Glyph>
          <TextEquiv>
            <Unicode>,</Unicode>
          </TextEquiv>
        </Word>
        <Word id="w18">
          <Coords points="702,530 762,530 762,571 702,571"/>
          <Glyph id="c35">
            <Coords points="702,530 734,530 734,571 702,571"/>
            <TextEquiv>
              <Unicode>m</Unicode>
            </TextEquiv>
          </Glyph>
          <Glyph id="c36">
            <Coords points="738,530 762,530 762,571 738,571"/>
            <TextEquiv>
              <Unicode>y</Unicode>
            </TextEquiv>
          </Glyph>
          <TextEquiv>
            <Unicode>my</Unicode>
          </TextEquiv>
        </Word>
        <Word id="w19">
          <Coords points="788,530 853,530 853,571 788,571"/>
          <Glyph id="c37">
            <Coords points="788,530 808,530 808,571 788,571"/>
            <TextEquiv>
              <Unicode>S</Unicode>
            </TextEquiv>
          </Glyph>
          <Glyph id="c38">
            <Coords points="812,530 832,530 832,571 812,571"/>
            <TextEquiv>
              <Unicode>a</Unicode>
            </TextEquiv>
          </Glyph>
          <Glyph id="c39">
            <Coords points="834,530 853,530 853,571 834,571"/>
            <TextEquiv>
              <Unicode>v</Unicode>
            </TextEquiv>
          </Glyph>
          <TextEquiv>
            <Unicode>Sav</Unicode>
          </TextEquiv>
        </Word>
        <Word id="w20">
          <Coords points="859,530 869,530 869,571 859,571"/>
          <Glyph id="c40">
            <Coords points="859,530 869,530 869,571 859,571"/>
            <TextEquiv>
              <Unicode>-</Unicode>
            </TextEquiv>
          </Glyph>
          <TextEquiv>
            <Unicode>-</Unicode>
          </TextEquiv>
        </Word>
        <Word id="w21">
          <Coords points="872,530 925,530 925,571 872,571"/>
          <Glyph id="c41">
            <Coords points="872,530 884,530 884,571 872,571"/>
            <TextEquiv>
              <Unicode>i</Unicode>
            </TextEquiv>
          </Glyph>
          <Glyph id="c42">
            <Coords points="888,530 904,530 904,571 888,571"/>
            <TextEquiv>
              <Unicode>o</Unicode>
            </TextEquiv>
          </Glyph>
          <Glyph id="c43">
            <Coords points="909,530 925,530 925,571 909,571"/>
            <TextEquiv>
              <Unicode>r</Unicode>
            </TextEquiv>
          </Glyph>
          <TextEquiv>
            <Unicode>ior</Unicode>
          </TextEquiv>
        </Word>
        <Word id="w22">
          <Coords points="932,530 937,530 937,571 932,571"/>
          <Glyph id="c44">
            <Coords points="932,530 937,530 937,571 932,571"/>
            <TextEquiv>
              <Unicode>,</Unicode>
            </TextEquiv>
          </Glyph>
          <TextEquiv>
            <Unicode>,</Unicode>
          </TextEquiv>
        </Word>
        <Word id="w23">
          <Coords points="956,530 988,530 988,571 956,571"/>
          <Glyph id="c45">
            <Coords points="956,530 969,530 969,571 956,571"/>
            <TextEquiv>
              <Unicode>t</Unicode>
            </TextEquiv>
          </Glyph>
          <Glyph id="c46">
            <Coords points="973,530 988,530 988,571 973,571"/>
            <TextEquiv>
              <Unicode>o</Unicode>
            </TextEquiv>
          </Glyph>
          <TextEquiv>
            <Unicode>to</Unicode>
          </TextEquiv>
        </Word>
        <Word id="w24">
          <Coords points="1015,530 1101,530 1101,571 1015,571"/>
          <Glyph id="c47">
            <Coords points="1015,530 1038,530 1038,571 1015,571"/>
            <TextEquiv>
              <Unicode>B</Unicode>
            </TextEquiv>
          </Glyph>
          <Glyph id="c48">
            <Coords points="1042,530 1060,530 1060,571 1042,571"/>
            <TextEquiv>
              <Unicode>e</Unicode>
            </TextEquiv>
          </Glyph>
          <Glyph id="c49">
            <Coords points="1061,530 1075,530 1075,571 1061,571"/>
            <TextEquiv>
              <Unicode>t</Unicode>
            </TextEquiv>
          </Glyph>
          <Glyph id="c50">
            <Coords points="1080,530 1101,530 1101,571 1080,571"/>
            <TextEquiv>
              <Unicode>h</Unicode>
            </TextEquiv>
          </Glyph>
          <TextEquiv>
            <Unicode>Beth</Unicode>
          </TextEquiv>
        </Word>
        <Word id="w25">
          <Coords points="1106,530 1117,530 1117,571 1106,571"/>
          <Glyph id="c51">
            <Coords points="1106,530 1117,530 1117,571 1106,571"/>
            <TextEquiv>
              <Unicode>-</Unicode>
            </TextEquiv>
          </Glyph>
          <TextEquiv>
            <Unicode>-</Unicode>
          </TextEquiv>
        </Word>
        <Word id="w26">
          <Coords points="1121,530 1153,530 1153,571 1121,571"/>
          <Glyph id="c52">
            <Coords points="1121,530 1132,530 1132,571 1121,571"/>
            <TextEquiv>
              <Unicode>l</Unicode>
            </TextEquiv>
          </Glyph>
          <Glyph id="c53">
            <Coords points="1136,530 1153,530 1153,571 1136,571"/>
            <TextEquiv>
              <Unicode>e</Unicode>
            </TextEquiv>
          </Glyph>
          <TextEquiv>
            <Unicode>le</Unicode>
          </TextEquiv>
        </Word>
        <Word id="w27">
          <Coords points="1156,530 1167,530 1167,571 1156,571"/>
          <Glyph id="c54">
            <Coords points="1156,530 1167,530 1167,571 1156,571"/>
            <TextEquiv>
              <Unicode>-</Unicode>
            </TextEquiv>
          </Glyph>
          <TextEquiv>
            <Unicode>-</Unicode>
          </TextEquiv>
        </Word>
        <Word id="w28">
          <Coords points="1173,530 1249,530 1249,571 1173,571"/>
          <Glyph id="c55">
            <Coords points="1173,530 1194,530 1194,571 1173,571"/>
            <TextEquiv>
              <Unicode>h</Unicode>
            </TextEquiv>
          </Glyph>
          <Glyph id="c56">
            <Coords points="1197,530 1215,530 1215,571 1197,571"/>
            <TextEquiv>
              <Unicode>e</Unicode>
            </TextEquiv>
          </Glyph>
          <Glyph id="c57">
            <Coords points="1217,530 1249,530 1249,571 1217,571"/>
            <TextEquiv>
              <Unicode>m</Unicode>
            </TextEquiv>
          </Glyph>
          <TextEquiv>
            <Unicode>hem</Unicode>
          </TextEquiv>
        </Word>
        <Word id="w29">
          <Coords points="1269,530 1364,530 1364,571 1269,571"/>
          <Glyph id="c58">
            <Coords points="1269,530 1284,530 1284,571 1269,571"/>
            <TextEquiv>
              <Unicode>c</Unicode>
            </TextEquiv>
          </Glyph>
          <Glyph id="c59">
            <Coords points="1288,530 1308,530 1308,571 1288,571"/>
            <TextEquiv>
              <Unicode>a</Unicode>
            </TextEquiv>
          </Glyph>
          <Glyph id="c60">
            <Coords points="1311,530 1344,530 1344,571 1311,571"/>
            <TextEquiv>
              <Unicode>m</Unicode>
            </TextEquiv>
          </Glyph>
          <Glyph id="c61">
            <Coords points="1346,530 1364,530 1364,571 1346,571"/>
            <TextEquiv>
              <Unicode>e</Unicode>
            </TextEquiv>
          </Glyph>
          <TextEquiv>
            <Unicode>came</Unicode>
          </TextEquiv>
        </Word>
        <Word id="w30">
          <Coords points="1369,530 1375,530 1375,571 1369,571"/>
          <Glyph id="c62">
            <Coords points="1369,530 1375,530 1375,571 1369,571"/>
            <TextEquiv>
              <Unicode>,</Unicode>
            </TextEquiv>
          </Glyph>
          <TextEquiv>
            <Unicode>,</Unicode>
          </TextEquiv>
        </Word>
        <Word id="w31">
          <Coords points="1401,530 1493,530 1493,571 1401,571"/>
          <Glyph id="c63">
            <Coords points="1401,530 1427,530 1427,571 1401,571"/>
            <TextEquiv>
              <Unicode>B</Unicode>
            </TextEquiv>
          </Glyph>
          <Glyph id="c64">
            <Coords points="1429,530 1446,530 1446,571 1429,571"/>
            <TextEquiv>
              <Unicode>o</Unicode>
            </TextEquiv>
          </Glyph>
          <Glyph id="c65">
            <Coords points="1448,530 1467,530 1467,571 1448,571"/>
            <TextEquiv>
              <Unicode>r</Unicode>
            </TextEquiv>
          </Glyph>
          <Glyph id="c66">
            <Coords points="1470,530 1493,530 1493,571 1470,571"/>
            <TextEquiv>
              <Unicode>n</Unicode>
            </TextEquiv>
          </Glyph>
          <TextEquiv>
            <Unicode>Born</Unicode>
          </TextEquiv>
        </Word>
        <Word id="w32">
          <Coords points="1521,530 1561,530 1561,571 1521,571"/>
          <Glyph id="c67">
            <Coords points="1521,530 1537,530 1537,571 1521,571"/>
            <TextEquiv>
              <Unicode>i</Unicode>
            </TextEquiv>
          </Glyph>
          <Glyph id="c68">
            <Coords points="1538,530 1561,530 1561,571 1538,571"/>
            <TextEquiv>
              <Unicode>n</Unicode>
            </TextEquiv>
          </Glyph>
          <TextEquiv>
            <Unicode>in</Unicode>
          </TextEquiv>
        </Word>
        <TextEquiv>
          <Unicode/>
        </TextEquiv>
      </TextLine>
      <TextLine id="l6">
        <Coords points="477,583 763,583 763,629 477,629"/>
        <Word id="w33">
          <Coords points="477,583 513,583 513,628 477,628"/>
          <Glyph id="c69">
            <Coords points="477,583 499,583 499,628 477,628"/>
            <TextEquiv>
              <Unicode>2</Unicode>
            </TextEquiv>
          </Glyph>
          <Glyph id="c70">
            <Coords points="503,583 513,583 513,628 503,628"/>
            <TextEquiv>
              <Unicode>.</Unicode>
            </TextEquiv>
          </Glyph>
          <TextEquiv>
            <Unicode>2.</Unicode>
          </TextEquiv>
        </Word>
        <Word id="w34">
          <Coords points="534,583 576,583 576,628 534,628"/>
          <Glyph id="c71">
            <Coords points="534,583 558,583 558,628 534,628"/>
            <TextEquiv>
              <Unicode>J</Unicode>
            </TextEquiv>
          </Glyph>
          <Glyph id="c72">
            <Coords points="557,583 576,583 576,628 557,628"/>
            <TextEquiv>
              <Unicode>e</Unicode>
            </TextEquiv>
          </Glyph>
          <TextEquiv>
            <Unicode>Je</Unicode>
          </TextEquiv>
        </Word>
        <Word id="w35">
          <Coords points="588,583 602,583 602,628 588,628"/>
          <Glyph id="c73">
            <Coords points="588,583 602,583 602,628 588,628"/>
            <TextEquiv>
              <Unicode>-</Unicode>
            </TextEquiv>
          </Glyph>
          <TextEquiv>
            <Unicode>-</Unicode>
          </TextEquiv>
        </Word>
        <Word id="w36">
          <Coords points="615,583 673,583 673,628 615,628"/>
          <Glyph id="c74">
            <Coords points="615,583 630,583 630,628 615,628"/>
            <TextEquiv>
              <Unicode>s</Unicode>
            </TextEquiv>
          </Glyph>
          <Glyph id="c75">
            <Coords points="632,583 656,583 656,628 632,628"/>
            <TextEquiv>
              <Unicode>u</Unicode>
            </TextEquiv>
          </Glyph>
          <Glyph id="c76">
            <Coords points="658,583 673,583 673,628 658,628"/>
            <TextEquiv>
              <Unicode>s</Unicode>
            </TextEquiv>
          </Glyph>
          <TextEquiv>
            <Unicode>sus</Unicode>
          </TextEquiv>
        </Word>
        <Word id="w37">
          <Coords points="676,583 685,583 685,628 676,628"/>
          <Glyph id="c77">
            <Coords points="676,583 685,583 685,628 676,628"/>
            <TextEquiv>
              <Unicode>,</Unicode>
            </TextEquiv>
          </Glyph>
          <TextEquiv>
            <Unicode>,</Unicode>
          </TextEquiv>
        </Word>
        <Word id="w38">
          <Coords points="701,583 763,583 763,629 701,629"/>
          <Glyph id="c78">
            <Coords points="701,583 734,583 734,628 701,628"/>
            <TextEquiv>
              <Unicode>m</Unicode>
            </TextEquiv>
          </Glyph>
          <Glyph id="c79">
            <Coords points="737,584 763,584 763,629 737,629"/>
            <TextEquiv>
              <Unicode>y</Unicode>
            </TextEquiv>
          </Glyph>
          <TextEquiv>
            <Unicode>my</Unicode>
          </TextEquiv>
        </Word>
        <TextEquiv>
          <Unicode/>
        </TextEquiv>
      </TextLine>
      <TextEquiv>
        <Unicode/>
      </TextEquiv>
    </TextRegion>
    <TextRegion id="r6">
      <Coords points="475,538 1967,540 1967,743 475,741"/>
      <TextLine id="l7">
        <Coords points="1624,540 1926,540 1926,576 1624,576"/>
        <Word id="w39">
          <Coords points="1624,542 1645,542 1645,576 1624,576"/>
          <Glyph id="c80">
            <Coords points="1624,542 1645,542 1645,576 1624,576"/>
            <TextEquiv>
              <Unicode>a</Unicode>
            </TextEquiv>
          </Glyph>
          <TextEquiv>
            <Unicode>a</Unicode>
          </TextEquiv>
        </Word>
        <Word id="w40">
          <Coords points="1688,541 1772,541 1772,575 1688,575"/>
          <Glyph id="c81">
            <Coords points="1688,541 1721,541 1721,575 1688,575"/>
            <TextEquiv>
              <Unicode>m</Unicode>
            </TextEquiv>
          </Glyph>
          <Glyph id="c82">
            <Coords points="1725,541 1746,541 1746,575 1725,575"/>
            <TextEquiv>
              <Unicode>a</Unicode>
            </TextEquiv>
          </Glyph>
          <Glyph id="c83">
            <Coords points="1748,541 1772,541 1772,575 1748,575"/>
            <TextEquiv>
              <Unicode>n</Unicode>
            </TextEquiv>
          </Glyph>
          <TextEquiv>
            <Unicode>man</Unicode>
          </TextEquiv>
        </Word>
        <Word id="w41">
          <Coords points="1775,541 1788,541 1788,575 1775,575"/>
          <Glyph id="c84">
            <Coords points="1775,541 1788,541 1788,575 1775,575"/>
            <TextEquiv>
              <Unicode>-</Unicode>
            </TextEquiv>
          </Glyph>
          <TextEquiv>
            <Unicode>-</Unicode>
          </TextEquiv>
        </Word>
        <Word id="w42">
          <Coords points="1789,541 1853,541 1853,575 1789,575"/>
          <Glyph id="c85">
            <Coords points="1789,541 1811,541 1811,575 1789,575"/>
            <TextEquiv>
              <Unicode>g</Unicode>
            </TextEquiv>
          </Glyph>
          <Glyph id="c86">
            <Coords points="1813,541 1831,541 1831,575 1813,575"/>
            <TextEquiv>
              <Unicode>e</Unicode>
            </TextEquiv>
          </Glyph>
          <Glyph id="c87">
            <Coords points="1834,541 1853,541 1853,575 1834,575"/>
            <TextEquiv>
              <Unicode>r</Unicode>
            </TextEquiv>
          </Glyph>
          <TextEquiv>
            <Unicode>ger</Unicode>
          </TextEquiv>
        </Word>
        <Word id="w43">
          <Coords points="1887,540 1926,540 1926,574 1887,574"/>
          <Glyph id="c88">
            <Coords points="1887,540 1904,540 1904,574 1887,574"/>
            <TextEquiv>
              <Unicode>t</Unicode>
            </TextEquiv>
          </Glyph>
          <Glyph id="c89">
            <Coords points="1908,540 1926,540 1926,574 1908,574"/>
            <TextEquiv>
              <Unicode>o</Unicode>
            </TextEquiv>
          </Glyph>
          <TextEquiv>
            <Unicode>to</Unicode>
          </TextEquiv>
        </Word>
        <TextEquiv>
          <Unicode/>
        </TextEquiv>
      </TextLine>
      <TextLine id="l8">
        <Coords points="787,584 1967,584 1967,634 787,634"/>
        <Word id="w44">
          <Coords points="787,584 852,584 852,629 787,629"/>
          <Glyph id="c90">
            <Coords points="787,584 806,584 806,629 787,629"/>
            <TextEquiv>
              <Unicode>S</Unicode>
            </TextEquiv>
          </Glyph>
          <Glyph id="c91">
            <Coords points="810,584 829,584 829,629 810,629"/>
            <TextEquiv>
              <Unicode>a</Unicode>
            </TextEquiv>
          </Glyph>
          <Glyph id="c92">
            <Coords points="832,584 852,584 852,629 832,629"/>
            <TextEquiv>
              <Unicode>v</Unicode>
            </TextEquiv>
          </Glyph>
          <TextEquiv>
            <Unicode>Sav</Unicode>
          </TextEquiv>
        </Word>
        <Word id="w45">
          <Coords points="858,584 869,584 869,629 858,629"/>
          <Glyph id="c93">
            <Coords points="858,584 869,584 869,629 858,629"/>
            <TextEquiv>
              <Unicode>-</Unicode>
            </TextEquiv>
          </Glyph>
          <TextEquiv>
            <Unicode>-</Unicode>
          </TextEquiv>
        </Word>
        <Word id="w46">
          <Coords points="870,584 923,584 923,629 870,629"/>
          <Glyph id="c94">
            <Coords points="870,584 884,584 884,629 870,629"/>
            <TextEquiv>
              <Unicode>i</Unicode>
            </TextEquiv>
          </Glyph>
          <Glyph id="c95">
            <Coords points="886,584 902,584 902,629 886,629"/>
            <TextEquiv>
              <Unicode>o</Unicode>
            </TextEquiv>
          </Glyph>
          <Glyph id="c96">
            <Coords points="907,584 923,584 923,629 907,629"/>
            <TextEquiv>
              <Unicode>r</Unicode>
            </TextEquiv>
          </Glyph>
          <TextEquiv>
            <Unicode>ior</Unicode>
          </TextEquiv>
        </Word>
        <Word id="w47">
          <Coords points="929,584 935,584 935,629 929,629"/>
          <Glyph id="c97">
            <Coords points="929,584 935,584 935,629 929,629"/>
            <TextEquiv>
              <Unicode>,</Unicode>
            </TextEquiv>
          </Glyph>
          <TextEquiv>
            <Unicode>,</Unicode>
          </TextEquiv>
        </Word>
        <Word id="w48">
          <Coords points="953,585 995,585 995,630 953,630"/>
          <Glyph id="c98">
            <Coords points="953,585 970,585 970,630 953,630"/>
            <TextEquiv>
              <Unicode>o</Unicode>
            </TextEquiv>
          </Glyph>
          <Glyph id="c99">
            <Coords points="975,585 995,585 995,630 975,630"/>
            <TextEquiv>
              <Unicode>n</Unicode>
            </TextEquiv>
          </Glyph>
          <TextEquiv>
            <Unicode>on</Unicode>
          </TextEquiv>
        </Word>
        <Word id="w49">
          <Coords points="1020,585 1081,585 1081,630 1020,630"/>
          <Glyph id="c100">
            <Coords points="1020,585 1042,585 1042,630 1020,630"/>
            <TextEquiv>
              <Unicode>C</Unicode>
            </TextEquiv>
          </Glyph>
          <Glyph id="c101">
            <Coords points="1047,585 1066,585 1066,630 1047,630"/>
            <TextEquiv>
              <Unicode>a</Unicode>
            </TextEquiv>
          </Glyph>
          <Glyph id="c102">
            <Coords points="1069,585 1081,585 1081,630 1069,630"/>
            <TextEquiv>
              <Unicode>l</Unicode>
            </TextEquiv>
          </Glyph>
          <TextEquiv>
            <Unicode>Cal</Unicode>
          </TextEquiv>
        </Word>
        <Word id="w50">
          <Coords points="1097,585 1165,585 1165,630 1097,630"/>
          <Glyph id="c103">
            <Coords points="1097,585 1109,585 1109,630 1097,630"/>
            <TextEquiv>
              <Unicode>-</Unicode>
            </TextEquiv>
          </Glyph>
          <Glyph id="c104">
            <Coords points="1121,585 1142,585 1142,630 1121,630"/>
            <TextEquiv>
              <Unicode>v</Unicode>
            </TextEquiv>
          </Glyph>
          <Glyph id="c105">
            <Coords points="1145,585 1165,585 1165,630 1145,630"/>
            <TextEquiv>
              <Unicode>a</Unicode>
            </TextEquiv>
          </Glyph>
          <TextEquiv>
            <Unicode>-va</Unicode>
          </TextEquiv>
        </Word>
        <Word id="w51">
          <Coords points="1167,586 1177,586 1177,631 1167,631"/>
          <Glyph id="c106">
            <Coords points="1167,586 1177,586 1177,631 1167,631"/>
            <TextEquiv>
              <Unicode>-</Unicode>
            </TextEquiv>
          </Glyph>
          <TextEquiv>
            <Unicode>-</Unicode>
          </TextEquiv>
        </Word>
        <Word id="w52">
          <Coords points="1183,586 1252,586 1252,631 1183,631"/>
          <Glyph id="c107">
            <Coords points="1183,586 1200,586 1200,631 1183,631"/>
            <TextEquiv>
              <Unicode>r</Unicode>
            </TextEquiv>
          </Glyph>
          <Glyph id="c108">
            <Coords points="1203,586 1225,586 1225,631 1203,631"/>
            <TextEquiv>
              <Unicode>y</Unicode>
            </TextEquiv>
          </Glyph>
          <Glyph id="c109">
            <Coords points="1228,586 1235,586 1235,631 1228,631"/>
            <TextEquiv>
              <Unicode>'</Unicode>
            </TextEquiv>
          </Glyph>
          <Glyph id="c110">
            <Coords points="1238,586 1252,586 1252,631 1238,631"/>
            <TextEquiv>
              <Unicode>s</Unicode>
            </TextEquiv>
          </Glyph>
          <TextEquiv>
            <Unicode>ry's</Unicode>
          </TextEquiv>
        </Word>
        <Word id="w53">
          <Coords points="1277,586 1351,586 1351,631 1277,631"/>
          <Glyph id="c111">
            <Coords points="1277,586 1290,586 1290,631 1277,631"/>
            <TextEquiv>
              <Unicode>t</Unicode>
            </TextEquiv>
          </Glyph>
          <Glyph id="c112">
            <Coords points="1294,586 1310,586 1310,631 1294,631"/>
            <TextEquiv>
              <Unicode>r</Unicode>
            </TextEquiv>
          </Glyph>
          <Glyph id="c113">
            <Coords points="1314,586 1330,586 1330,631 1314,631"/>
            <TextEquiv>
              <Unicode>e</Unicode>
            </TextEquiv>
          </Glyph>
          <Glyph id="c114">
            <Coords points="1334,586 1351,586 1351,631 1334,631"/>
            <TextEquiv>
              <Unicode>e</Unicode>
            </TextEquiv>
          </Glyph>
          <TextEquiv>
            <Unicode>tree</Unicode>
          </TextEquiv>
        </Word>
        <Word id="w54">
          <Coords points="1357,586 1362,586 1362,631 1357,631"/>
          <Glyph id="c115">
            <Coords points="1357,586 1362,586 1362,631 1357,631"/>
            <TextEquiv>
              <Unicode>,</Unicode>
            </TextEquiv>
          </Glyph>
          <TextEquiv>
            <Unicode>,</Unicode>
          </TextEquiv>
        </Word>
        <Word id="w55">
          <Coords points="1399,587 1484,587 1484,632 1399,632"/>
          <Glyph id="c116">
            <Coords points="1399,587 1423,587 1423,632 1399,632"/>
            <TextEquiv>
              <Unicode>P</Unicode>
            </TextEquiv>
          </Glyph>
          <Glyph id="c117">
            <Coords points="1427,587 1447,587 1447,632 1427,632"/>
            <TextEquiv>
              <Unicode>a</Unicode>
            </TextEquiv>
          </Glyph>
          <Glyph id="c118">
            <Coords points="1449,587 1460,587 1460,632 1449,632"/>
            <TextEquiv>
              <Unicode>i</Unicode>
            </TextEquiv>
          </Glyph>
          <Glyph id="c119">
            <Coords points="1463,587 1484,587 1484,632 1463,632"/>
            <TextEquiv>
              <Unicode>d</Unicode>
            </TextEquiv>
          </Glyph>
          <TextEquiv>
            <Unicode>Paid</Unicode>
          </TextEquiv>
        </Word>
        <Word id="w56">
          <Coords points="1508,587 1569,587 1569,632 1508,632"/>
          <Glyph id="c120">
            <Coords points="1508,587 1521,587 1521,632 1508,632"/>
            <TextEquiv>
              <Unicode>t</Unicode>
            </TextEquiv>
          </Glyph>
          <Glyph id="c121">
            <Coords points="1526,587 1548,587 1548,632 1526,632"/>
            <TextEquiv>
              <Unicode>h</Unicode>
            </TextEquiv>
          </Glyph>
          <Glyph id="c122">
            <Coords points="1552,587 1569,587 1569,632 1552,632"/>
            <TextEquiv>
              <Unicode>e</Unicode>
            </TextEquiv>
          </Glyph>
          <TextEquiv>
            <Unicode>the</Unicode>
          </TextEquiv>
        </Word>
        <Word id="w57">
          <Coords points="1593,587 1694,587 1694,633 1593,633"/>
          <Glyph id="c123">
            <Coords points="1593,587 1613,587 1613,632 1593,632"/>
            <TextEquiv>
              <Unicode>g</Unicode>
            </TextEquiv>
          </Glyph>
          <Glyph id="c124">
            <Coords points="1618,587 1634,587 1634,632 1618,632"/>
            <TextEquiv>
              <Unicode>r</Unicode>
            </TextEquiv>
          </Glyph>
          <Glyph id="c125">
            <Coords points="1639,588 1656,588 1656,633 1639,633"/>
            <TextEquiv>
              <Unicode>e</Unicode>
            </TextEquiv>
          </Glyph>
          <Glyph id="c126">
            <Coords points="1657,588 1676,588 1676,633 1657,633"/>
            <TextEquiv>
              <Unicode>a</Unicode>
            </TextEquiv>
          </Glyph>
          <Glyph id="c127">
            <Coords points="1679,588 1694,588 1694,633 1679,633"/>
            <TextEquiv>
              <Unicode>t</Unicode>
            </TextEquiv>
          </Glyph>
          <TextEquiv>
            <Unicode>great</Unicode>
          </TextEquiv>
        </Word>
        <Word id="w58">
          <Coords points="1710,588 1793,588 1793,633 1710,633"/>
          <Glyph id="c128">
            <Coords points="1710,588 1730,588 1730,633 1710,633"/>
            <TextEquiv>
              <Unicode>d</Unicode>
            </TextEquiv>
          </Glyph>
          <Glyph id="c129">
            <Coords points="1734,588 1753,588 1753,633 1734,633"/>
            <TextEquiv>
              <Unicode>e</Unicode>
            </TextEquiv>
          </Glyph>
          <Glyph id="c130">
            <Coords points="1755,588 1775,588 1775,633 1755,633"/>
            <TextEquiv>
              <Unicode>b</Unicode>
            </TextEquiv>
          </Glyph>
          <Glyph id="c131">
            <Coords points="1777,588 1793,588 1793,633 1777,633"/>
            <TextEquiv>
              <Unicode>t</Unicode>
            </TextEquiv>
          </Glyph>
          <TextEquiv>
            <Unicode>debt</Unicode>
          </TextEquiv>
        </Word>
        <Word id="w59">
          <Coords points="1798,588 1805,588 1805,633 1798,633"/>
          <Glyph id="c132">
            <Coords points="1798,588 1805,588 1805,633 1798,633"/>
            <TextEquiv>
              <Unicode>,</Unicode>
            </TextEquiv>
          </Glyph>
          <TextEquiv>
            <Unicode>,</Unicode>
          </TextEquiv>
        </Word>
        <Word id="w60">
          <Coords points="1820,588 1891,588 1891,634 1820,634"/>
          <Glyph id="c133">
            <Coords points="1820,588 1842,588 1842,633 1820,633"/>
            <TextEquiv>
              <Unicode>a</Unicode>
            </TextEquiv>
          </Glyph>
          <Glyph id="c134">
            <Coords points="1844,588 1867,588 1867,633 1844,633"/>
            <TextEquiv>
              <Unicode>n</Unicode>
            </TextEquiv>
          </Glyph>
          <Glyph id="c135">
            <Coords points="1869,589 1891,589 1891,634 1869,634"/>
            <TextEquiv>
              <Unicode>d</Unicode>
            </TextEquiv>
          </Glyph>
          <TextEquiv>
            <Unicode>and</Unicode>
          </TextEquiv>
        </Word>
        <Word id="w61">
          <Coords points="1908,589 1967,589 1967,634 1908,634"/>
          <Glyph id="c136">
            <Coords points="1908,589 1939,589 1939,634 1908,634"/>
            <TextEquiv>
              <Unicode>m</Unicode>
            </TextEquiv>
          </Glyph>
          <Glyph id="c137">
            <Coords points="1943,589 1967,589 1967,634 1943,634"/>
            <TextEquiv>
              <Unicode>y</Unicode>
            </TextEquiv>
          </Glyph>
          <TextEquiv>
            <Unicode>my</Unicode>
          </TextEquiv>
        </Word>
        <TextEquiv>
          <Unicode/>
        </TextEquiv>
      </TextLine>
      <TextLine id="l9">
        <Coords points="476,639 1909,639 1909,681 476,681"/>
        <Word id="w62">
          <Coords points="476,639 509,639 509,681 476,681"/>
          <Glyph id="c138">
            <Coords points="476,639 498,639 498,681 476,681"/>
            <TextEquiv>
              <Unicode>3</Unicode>
            </TextEquiv>
          </Glyph>
          <Glyph id="c139">
            <Coords points="501,639 509,639 509,681 501,681"/>
            <TextEquiv>
              <Unicode>.</Unicode>
            </TextEquiv>
          </Glyph>
          <TextEquiv>
            <Unicode>3.</Unicode>
          </TextEquiv>
        </Word>
        <Word id="w63">
          <Coords points="532,639 575,639 575,681 532,681"/>
          <Glyph id="c140">
            <Coords points="532,639 555,639 555,681 532,681"/>
            <TextEquiv>
              <Unicode>J</Unicode>
            </TextEquiv>
          </Glyph>
          <Glyph id="c141">
            <Coords points="556,639 575,639 575,681 556,681"/>
            <TextEquiv>
              <Unicode>e</Unicode>
            </TextEquiv>
          </Glyph>
          <TextEquiv>
            <Unicode>Je</Unicode>
          </TextEquiv>
        </Word>
        <Word id="w64">
          <Coords points="587,639 602,639 602,681 587,681"/>
          <Glyph id="c142">
            <Coords points="587,639 602,639 602,681 587,681"/>
            <TextEquiv>
              <Unicode>-</Unicode>
            </TextEquiv>
          </Glyph>
          <TextEquiv>
            <Unicode>-</Unicode>
          </TextEquiv>
        </Word>
        <Word id="w65">
          <Coords points="612,639 670,639 670,681 612,681"/>
          <Glyph id="c143">
            <Coords points="612,639 627,639 627,681 612,681"/>
            <TextEquiv>
              <Unicode>s</Unicode>
            </TextEquiv>
          </Glyph>
          <Glyph id="c144">
            <Coords points="630,639 653,639 653,681 630,681"/>
            <TextEquiv>
              <Unicode>u</Unicode>
            </TextEquiv>
          </Glyph>
          <Glyph id="c145">
            <Coords points="655,639 670,639 670,681 655,681"/>
            <TextEquiv>
              <Unicode>s</Unicode>
            </TextEquiv>
          </Glyph>
          <TextEquiv>
            <Unicode>sus</Unicode>
          </TextEquiv>
        </Word>
        <Word id="w66">
          <Coords points="676,639 684,639 684,681 676,681"/>
          <Glyph id="c146">
            <Coords points="676,639 684,639 684,681 676,681"/>
            <TextEquiv>
              <Unicode>,</Unicode>
            </TextEquiv>
          </Glyph>
          <TextEquiv>
            <Unicode>,</Unicode>
          </TextEquiv>
        </Word>
        <Word id="w67">
          <Coords points="701,639 761,639 761,681 701,681"/>
          <Glyph id="c147">
            <Coords points="701,639 734,639 734,681 701,681"/>
            <TextEquiv>
              <Unicode>m</Unicode>
            </TextEquiv>
          </Glyph>
          <Glyph id="c148">
            <Coords points="736,639 761,639 761,681 736,681"/>
            <TextEquiv>
              <Unicode>y</Unicode>
            </TextEquiv>
          </Glyph>
          <TextEquiv>
            <Unicode>my</Unicode>
          </TextEquiv>
        </Word>
        <Word id="w68">
          <Coords points="787,639 852,639 852,681 787,681"/>
          <Glyph id="c149">
            <Coords points="787,639 806,639 806,681 787,681"/>
            <TextEquiv>
              <Unicode>S</Unicode>
            </TextEquiv>
          </Glyph>
          <Glyph id="c150">
            <Coords points="810,639 830,639 830,681 810,681"/>
            <TextEquiv>
              <Unicode>a</Unicode>
            </TextEquiv>
          </Glyph>
          <Glyph id="c151">
            <Coords points="831,639 852,639 852,681 831,681"/>
            <TextEquiv>
              <Unicode>v</Unicode>
            </TextEquiv>
          </Glyph>
          <TextEquiv>
            <Unicode>Sav</Unicode>
          </TextEquiv>
        </Word>
        <Word id="w69">
          <Coords points="856,639 867,639 867,681 856,681"/>
          <Glyph id="c152">
            <Coords points="856,639 867,639 867,681 856,681"/>
            <TextEquiv>
              <Unicode>-</Unicode>
            </TextEquiv>
          </Glyph>
          <TextEquiv>
            <Unicode>-</Unicode>
          </TextEquiv>
        </Word>
        <Word id="w70">
          <Coords points="870,639 923,639 923,681 870,681"/>
          <Glyph id="c153">
            <Coords points="870,639 883,639 883,681 870,681"/>
            <TextEquiv>
              <Unicode>i</Unicode>
            </TextEquiv>
          </Glyph>
          <Glyph id="c154">
            <Coords points="886,639 903,639 903,681 886,681"/>
            <TextEquiv>
              <Unicode>o</Unicode>
            </TextEquiv>
          </Glyph>
          <Glyph id="c155">
            <Coords points="906,639 923,639 923,681 906,681"/>
            <TextEquiv>
              <Unicode>r</Unicode>
            </TextEquiv>
          </Glyph>
          <TextEquiv>
            <Unicode>ior</Unicode>
          </TextEquiv>
        </Word>
        <Word id="w71">
          <Coords points="929,639 935,639 935,681 929,681"/>
          <Glyph id="c156">
            <Coords points="929,639 935,639 935,681 929,681"/>
            <TextEquiv>
              <Unicode>,</Unicode>
            </TextEquiv>
          </Glyph>
          <TextEquiv>
            <Unicode>,</Unicode>
          </TextEquiv>
        </Word>
        <Word id="w72">
          <Coords points="953,639 1014,639 1014,681 953,681"/>
          <Glyph id="c157">
            <Coords points="953,639 968,639 968,681 953,681"/>
            <TextEquiv>
              <Unicode>t</Unicode>
            </TextEquiv>
          </Glyph>
          <Glyph id="c158">
            <Coords points="971,639 993,639 993,681 971,681"/>
            <TextEquiv>
              <Unicode>h</Unicode>
            </TextEquiv>
          </Glyph>
          <Glyph id="c159">
            <Coords points="997,639 1014,639 1014,681 997,681"/>
            <TextEquiv>
              <Unicode>e</Unicode>
            </TextEquiv>
          </Glyph>
          <TextEquiv>
            <Unicode>the</Unicode>
          </TextEquiv>
        </Word>
        <Word id="w73">
          <Coords points="1031,639 1124,639 1124,681 1031,681"/>
          <Glyph id="c160">
            <Coords points="1031,639 1045,639 1045,681 1031,681"/>
            <TextEquiv>
              <Unicode>s</Unicode>
            </TextEquiv>
          </Glyph>
          <Glyph id="c161">
            <Coords points="1048,639 1068,639 1068,681 1048,681"/>
            <TextEquiv>
              <Unicode>a</Unicode>
            </TextEquiv>
          </Glyph>
          <Glyph id="c162">
            <Coords points="1070,639 1105,639 1105,681 1070,681"/>
            <TextEquiv>
              <Unicode>m</Unicode>
            </TextEquiv>
          </Glyph>
          <Glyph id="c163">
            <Coords points="1106,639 1124,639 1124,681 1106,681"/>
            <TextEquiv>
              <Unicode>e</Unicode>
            </TextEquiv>
          </Glyph>
          <TextEquiv>
            <Unicode>same</Unicode>
          </TextEquiv>
        </Word>
        <Word id="w74">
          <Coords points="1141,639 1179,639 1179,681 1141,681"/>
          <Glyph id="c164">
            <Coords points="1141,639 1161,639 1161,681 1141,681"/>
            <TextEquiv>
              <Unicode>a</Unicode>
            </TextEquiv>
          </Glyph>
          <Glyph id="c165">
            <Coords points="1164,639 1179,639 1179,681 1164,681"/>
            <TextEquiv>
              <Unicode>s</Unicode>
            </TextEquiv>
          </Glyph>
          <TextEquiv>
            <Unicode>as</Unicode>
          </TextEquiv>
        </Word>
        <Word id="w75">
          <Coords points="1203,639 1239,639 1239,681 1203,681"/>
          <Glyph id="c166">
            <Coords points="1203,639 1220,639 1220,681 1203,681"/>
            <TextEquiv>
              <Unicode>o</Unicode>
            </TextEquiv>
          </Glyph>
          <Glyph id="c167">
            <Coords points="1221,639 1239,639 1239,681 1221,681"/>
            <TextEquiv>
              <Unicode>f</Unicode>
            </TextEquiv>
          </Glyph>
          <TextEquiv>
            <Unicode>of</Unicode>
          </TextEquiv>
        </Word>
        <Word id="w76">
          <Coords points="1281,639 1338,639 1338,681 1281,681"/>
          <Glyph id="c168">
            <Coords points="1281,639 1297,639 1297,681 1281,681"/>
            <TextEquiv>
              <Unicode>o</Unicode>
            </TextEquiv>
          </Glyph>
          <Glyph id="c169">
            <Coords points="1303,639 1313,639 1313,681 1303,681"/>
            <TextEquiv>
              <Unicode>l</Unicode>
            </TextEquiv>
          </Glyph>
          <Glyph id="c170">
            <Coords points="1317,639 1338,639 1338,681 1317,681"/>
            <TextEquiv>
              <Unicode>d</Unicode>
            </TextEquiv>
          </Glyph>
          <TextEquiv>
            <Unicode>old</Unicode>
          </TextEquiv>
        </Word>
        <Word id="w77">
          <Coords points="1343,639 1350,639 1350,681 1343,681"/>
          <Glyph id="c171">
            <Coords points="1343,639 1350,639 1350,681 1343,681"/>
            <TextEquiv>
              <Unicode>,</Unicode>
            </TextEquiv>
          </Glyph>
          <TextEquiv>
            <Unicode>,</Unicode>
          </TextEquiv>
        </Word>
        <Word id="w78">
          <Coords points="1399,639 1512,639 1512,681 1399,681"/>
          <Glyph id="c172">
            <Coords points="1399,639 1436,639 1436,681 1399,681"/>
            <TextEquiv>
              <Unicode>W</Unicode>
            </TextEquiv>
          </Glyph>
          <Glyph id="c173">
            <Coords points="1439,639 1461,639 1461,681 1439,681"/>
            <TextEquiv>
              <Unicode>h</Unicode>
            </TextEquiv>
          </Glyph>
          <Glyph id="c174">
            <Coords points="1464,639 1475,639 1475,681 1464,681"/>
            <TextEquiv>
              <Unicode>i</Unicode>
            </TextEquiv>
          </Glyph>
          <Glyph id="c175">
            <Coords points="1480,639 1492,639 1492,681 1480,681"/>
            <TextEquiv>
              <Unicode>l</Unicode>
            </TextEquiv>
          </Glyph>
          <Glyph id="c176">
            <Coords points="1494,639 1512,639 1512,681 1494,681"/>
            <TextEquiv>
              <Unicode>e</Unicode>
            </TextEquiv>
          </Glyph>
          <TextEquiv>
            <Unicode>While</Unicode>
          </TextEquiv>
        </Word>
        <Word id="w79">
          <Coords points="1537,639 1552,639 1552,681 1537,681"/>
          <Glyph id="c177">
            <Coords points="1537,639 1552,639 1552,681 1537,681"/>
            <TextEquiv>
              <Unicode>I</Unicode>
            </TextEquiv>
          </Glyph>
          <TextEquiv>
            <Unicode>I</Unicode>
          </TextEquiv>
        </Word>
        <Word id="w80">
          <Coords points="1600,639 1660,639 1660,681 1600,681"/>
          <Glyph id="c178">
            <Coords points="1600,639 1621,639 1621,681 1600,681"/>
            <TextEquiv>
              <Unicode>d</Unicode>
            </TextEquiv>
          </Glyph>
          <Glyph id="c179">
            <Coords points="1623,639 1636,639 1636,681 1623,681"/>
            <TextEquiv>
              <Unicode>i</Unicode>
            </TextEquiv>
          </Glyph>
          <Glyph id="c180">
            <Coords points="1640,639 1660,639 1660,681 1640,681"/>
            <TextEquiv>
              <Unicode>d</Unicode>
            </TextEquiv>
          </Glyph>
          <TextEquiv>
            <Unicode>did</Unicode>
          </TextEquiv>
        </Word>
        <Word id="w81">
          <Coords points="1686,639 1763,639 1763,681 1686,681"/>
          <Glyph id="c181">
            <Coords points="1686,639 1715,639 1715,681 1686,681"/>
            <TextEquiv>
              <Unicode>w</Unicode>
            </TextEquiv>
          </Glyph>
          <Glyph id="c182">
            <Coords points="1716,639 1737,639 1737,681 1716,681"/>
            <TextEquiv>
              <Unicode>a</Unicode>
            </TextEquiv>
          </Glyph>
          <Glyph id="c183">
            <Coords points="1740,639 1763,639 1763,681 1740,681"/>
            <TextEquiv>
              <Unicode>n</Unicode>
            </TextEquiv>
          </Glyph>
          <TextEquiv>
            <Unicode>wan</Unicode>
          </TextEquiv>
        </Word>
        <Word id="w82">
          <Coords points="1765,639 1780,639 1780,681 1765,681"/>
          <Glyph id="c184">
            <Coords points="1765,639 1780,639 1780,681 1765,681"/>
            <TextEquiv>
              <Unicode>-</Unicode>
            </TextEquiv>
          </Glyph>
          <TextEquiv>
            <Unicode>-</Unicode>
          </TextEquiv>
        </Word>
        <Word id="w83">
          <Coords points="1781,639 1845,639 1845,681 1781,681"/>
          <Glyph id="c185">
            <Coords points="1781,639 1803,639 1803,681 1781,681"/>
            <TextEquiv>
              <Unicode>d</Unicode>
            </TextEquiv>
          </Glyph>
          <Glyph id="c186">
            <Coords points="1805,639 1824,639 1824,681 1805,681"/>
            <TextEquiv>
              <Unicode>e</Unicode>
            </TextEquiv>
          </Glyph>
          <Glyph id="c187">
            <Coords points="1824,639 1845,639 1845,681 1824,681"/>
            <TextEquiv>
              <Unicode>r</Unicode>
            </TextEquiv>
          </Glyph>
          <TextEquiv>
            <Unicode>der</Unicode>
          </TextEquiv>
        </Word>
        <Word id="w84">
          <Coords points="1887,639 1909,639 1909,681 1887,681"/>
          <Glyph id="c188">
            <Coords points="1887,639 1909,639 1909,681 1887,681"/>
            <TextEquiv>
              <Unicode>a</Unicode>
            </TextEquiv>
          </Glyph>
          <TextEquiv>
            <Unicode>a-</Unicode>
          </TextEquiv>
        </Word>
        <TextEquiv>
          <Unicode/>
        </TextEquiv>
      </TextLine>
      <TextLine id="l10">
        <Coords points="475,690 1924,690 1924,743 475,743"/>
        <Word id="w85">
          <Coords points="475,690 511,690 511,736 475,736"/>
          <Glyph id="c189">
            <Coords points="475,690 499,690 499,736 475,736"/>
            <TextEquiv>
              <Unicode>4</Unicode>
            </TextEquiv>
          </Glyph>
          <Glyph id="c190">
            <Coords points="501,690 511,690 511,736 501,736"/>
            <TextEquiv>
              <Unicode>.</Unicode>
            </TextEquiv>
          </Glyph>
          <TextEquiv>
            <Unicode>4.</Unicode>
          </TextEquiv>
        </Word>
        <Word id="w86">
          <Coords points="533,690 574,690 574,736 533,736"/>
          <Glyph id="c191">
            <Coords points="533,690 556,690 556,736 533,736"/>
            <TextEquiv>
              <Unicode>J</Unicode>
            </TextEquiv>
          </Glyph>
          <Glyph id="c192">
            <Coords points="555,690 574,690 574,736 555,736"/>
            <TextEquiv>
              <Unicode>e</Unicode>
            </TextEquiv>
          </Glyph>
          <TextEquiv>
            <Unicode>Je</Unicode>
          </TextEquiv>
        </Word>
        <Word id="w87">
          <Coords points="586,690 601,690 601,736 586,736"/>
          <Glyph id="c193">
            <Coords points="586,690 601,690 601,736 586,736"/>
            <TextEquiv>
              <Unicode>-</Unicode>
            </TextEquiv>
          </Glyph>
          <TextEquiv>
            <Unicode>-</Unicode>
          </TextEquiv>
        </Word>
        <Word id="w88">
          <Coords points="613,690 672,690 672,736 613,736"/>
          <Glyph id="c194">
            <Coords points="613,690 627,690 627,736 613,736"/>
            <TextEquiv>
              <Unicode>s</Unicode>
            </TextEquiv>
          </Glyph>
          <Glyph id="c195">
            <Coords points="631,690 654,690 654,736 631,736"/>
            <TextEquiv>
              <Unicode>u</Unicode>
            </TextEquiv>
          </Glyph>
          <Glyph id="c196">
            <Coords points="657,690 672,690 672,736 657,736"/>
            <TextEquiv>
              <Unicode>s</Unicode>
            </TextEquiv>
          </Glyph>
          <TextEquiv>
            <Unicode>sus</Unicode>
          </TextEquiv>
        </Word>
        <Word id="w89">
          <Coords points="676,691 684,691 684,737 676,737"/>
          <Glyph id="c197">
            <Coords points="676,691 684,691 684,737 676,737"/>
            <TextEquiv>
              <Unicode>,</Unicode>
            </TextEquiv>
          </Glyph>
          <TextEquiv>
            <Unicode>,</Unicode>
          </TextEquiv>
        </Word>
        <Word id="w90">
          <Coords points="701,691 762,691 762,737 701,737"/>
          <Glyph id="c198">
            <Coords points="701,691 733,691 733,737 701,737"/>
            <TextEquiv>
              <Unicode>m</Unicode>
            </TextEquiv>
          </Glyph>
          <Glyph id="c199">
            <Coords points="737,691 762,691 762,737 737,737"/>
            <TextEquiv>
              <Unicode>y</Unicode>
            </TextEquiv>
          </Glyph>
          <TextEquiv>
            <Unicode>my</Unicode>
          </TextEquiv>
        </Word>
        <Word id="w91">
          <Coords points="787,691 852,691 852,737 787,737"/>
          <Glyph id="c200">
            <Coords points="787,691 807,691 807,737 787,737"/>
            <TextEquiv>
              <Unicode>S</Unicode>
            </TextEquiv>
          </Glyph>
          <Glyph id="c201">
            <Coords points="809,691 829,691 829,737 809,737"/>
            <TextEquiv>
              <Unicode>a</Unicode>
            </TextEquiv>
          </Glyph>
          <Glyph id="c202">
            <Coords points="831,691 852,691 852,737 831,737"/>
            <TextEquiv>
              <Unicode>v</Unicode>
            </TextEquiv>
          </Glyph>
          <TextEquiv>
            <Unicode>Sav</Unicode>
          </TextEquiv>
        </Word>
        <Word id="w92">
          <Coords points="857,691 868,691 868,737 857,737"/>
          <Glyph id="c203">
            <Coords points="857,691 868,691 868,737 857,737"/>
            <TextEquiv>
              <Unicode>-</Unicode>
            </TextEquiv>
          </Glyph>
          <TextEquiv>
            <Unicode>-</Unicode>
          </TextEquiv>
        </Word>
        <Word id="w93">
          <Coords points="871,692 924,692 924,738 871,738"/>
          <Glyph id="c204">
            <Coords points="871,692 883,692 883,738 871,738"/>
            <TextEquiv>
              <Unicode>i</Unicode>
            </TextEquiv>
          </Glyph>
          <Glyph id="c205">
            <Coords points="886,692 903,692 903,738 886,738"/>
            <TextEquiv>
              <Unicode>o</Unicode>
            </TextEquiv>
          </Glyph>
          <Glyph id="c206">
            <Coords points="908,692 924,692 924,738 908,738"/>
            <TextEquiv>
              <Unicode>r</Unicode>
            </TextEquiv>
          </Glyph>
          <TextEquiv>
            <Unicode>ior</Unicode>
          </TextEquiv>
        </Word>
        <Word id="w94">
          <Coords points="930,692 936,692 936,738 930,738"/>
          <Glyph id="c207">
            <Coords points="930,692 936,692 936,738 930,738"/>
            <TextEquiv>
              <Unicode>,</Unicode>
            </TextEquiv>
          </Glyph>
          <TextEquiv>
            <Unicode>,</Unicode>
          </TextEquiv>
        </Word>
        <Word id="w95">
          <Coords points="949,692 1042,692 1042,738 949,738"/>
          <Glyph id="c208">
            <Coords points="949,692 963,692 963,738 949,738"/>
            <TextEquiv>
              <Unicode>s</Unicode>
            </TextEquiv>
          </Glyph>
          <Glyph id="c209">
            <Coords points="968,692 990,692 990,738 968,738"/>
            <TextEquiv>
              <Unicode>h</Unicode>
            </TextEquiv>
          </Glyph>
          <Glyph id="c210">
            <Coords points="991,692 1012,692 1012,738 991,738"/>
            <TextEquiv>
              <Unicode>a</Unicode>
            </TextEquiv>
          </Glyph>
          <Glyph id="c211">
            <Coords points="1015,692 1028,692 1028,738 1015,738"/>
            <TextEquiv>
              <Unicode>l</Unicode>
            </TextEquiv>
          </Glyph>
          <Glyph id="c212">
            <Coords points="1029,692 1042,692 1042,738 1029,738"/>
            <TextEquiv>
              <Unicode>l</Unicode>
            </TextEquiv>
          </Glyph>
          <TextEquiv>
            <Unicode>shall</Unicode>
          </TextEquiv>
        </Word>
        <Word id="w96">
          <Coords points="1053,692 1145,692 1145,739 1053,739"/>
          <Glyph id="c213">
            <Coords points="1053,692 1069,692 1069,738 1053,738"/>
            <TextEquiv>
              <Unicode>c</Unicode>
            </TextEquiv>
          </Glyph>
          <Glyph id="c214">
            <Coords points="1073,693 1090,693 1090,739 1073,739"/>
            <TextEquiv>
              <Unicode>o</Unicode>
            </TextEquiv>
          </Glyph>
          <Glyph id="c215">
            <Coords points="1093,693 1125,693 1125,739 1093,739"/>
            <TextEquiv>
              <Unicode>m</Unicode>
            </TextEquiv>
          </Glyph>
          <Glyph id="c216">
            <Coords points="1128,693 1145,693 1145,739 1128,739"/>
            <TextEquiv>
              <Unicode>e</Unicode>
            </TextEquiv>
          </Glyph>
          <TextEquiv>
            <Unicode>come</Unicode>
          </TextEquiv>
        </Word>
        <Word id="w97">
          <Coords points="1157,693 1248,693 1248,739 1157,739"/>
          <Glyph id="c217">
            <Coords points="1157,693 1173,693 1173,739 1157,739"/>
            <TextEquiv>
              <Unicode>f</Unicode>
            </TextEquiv>
          </Glyph>
          <Glyph id="c218">
            <Coords points="1173,693 1190,693 1190,739 1173,739"/>
            <TextEquiv>
              <Unicode>r</Unicode>
            </TextEquiv>
          </Glyph>
          <Glyph id="c219">
            <Coords points="1194,693 1211,693 1211,739 1194,739"/>
            <TextEquiv>
              <Unicode>o</Unicode>
            </TextEquiv>
          </Glyph>
          <Glyph id="c220">
            <Coords points="1215,693 1248,693 1248,739 1215,739"/>
            <TextEquiv>
              <Unicode>m</Unicode>
            </TextEquiv>
          </Glyph>
          <TextEquiv>
            <Unicode>from</Unicode>
          </TextEquiv>
        </Word>
        <Word id="w98">
          <Coords points="1260,694 1302,694 1302,740 1260,740"/>
          <Glyph id="c221">
            <Coords points="1260,694 1277,694 1277,740 1260,740"/>
            <TextEquiv>
              <Unicode>o</Unicode>
            </TextEquiv>
          </Glyph>
          <Glyph id="c222">
            <Coords points="1280,694 1302,694 1302,740 1280,740"/>
            <TextEquiv>
              <Unicode>n</Unicode>
            </TextEquiv>
          </Glyph>
          <TextEquiv>
            <Unicode>on</Unicode>
          </TextEquiv>
        </Word>
        <Word id="w99">
          <Coords points="1315,694 1401,694 1401,740 1315,740"/>
          <Glyph id="c223">
            <Coords points="1315,694 1337,694 1337,740 1315,740"/>
            <TextEquiv>
              <Unicode>h</Unicode>
            </TextEquiv>
          </Glyph>
          <Glyph id="c224">
            <Coords points="1339,694 1351,694 1351,740 1339,740"/>
            <TextEquiv>
              <Unicode>i</Unicode>
            </TextEquiv>
          </Glyph>
          <Glyph id="c225">
            <Coords points="1354,694 1377,694 1377,740 1354,740"/>
            <TextEquiv>
              <Unicode>g</Unicode>
            </TextEquiv>
          </Glyph>
          <Glyph id="c226">
            <Coords points="1378,694 1401,694 1401,740 1378,740"/>
            <TextEquiv>
              <Unicode>h</Unicode>
            </TextEquiv>
          </Glyph>
          <TextEquiv>
            <Unicode>high</Unicode>
          </TextEquiv>
        </Word>
        <Word id="w100">
          <Coords points="1408,694 1414,694 1414,740 1408,740"/>
          <Glyph id="c227">
            <Coords points="1408,694 1414,694 1414,740 1408,740"/>
            <TextEquiv>
              <Unicode>,</Unicode>
            </TextEquiv>
          </Glyph>
          <TextEquiv>
            <Unicode>,</Unicode>
          </TextEquiv>
        </Word>
        <Word id="w101">
          <Coords points="1432,694 1541,695 1541,742 1432,741"/>
          <Glyph id="c228">
            <Coords points="1432,694 1451,694 1451,740 1432,740"/>
            <TextEquiv>
              <Unicode>S</Unicode>
            </TextEquiv>
          </Glyph>
          <Glyph id="c229">
            <Coords points="1456,695 1485,695 1485,741 1456,741"/>
            <TextEquiv>
              <Unicode>w</Unicode>
            </TextEquiv>
          </Glyph>
          <Glyph id="c230">
            <Coords points="1489,695 1506,695 1506,741 1489,741"/>
            <TextEquiv>
              <Unicode>e</Unicode>
            </TextEquiv>
          </Glyph>
          <Glyph id="c231">
            <Coords points="1508,695 1526,695 1526,741 1508,741"/>
            <TextEquiv>
              <Unicode>e</Unicode>
            </TextEquiv>
          </Glyph>
          <Glyph id="c232">
            <Coords points="1527,695 1541,695 1541,741 1527,741"/>
            <TextEquiv>
              <Unicode>t</Unicode>
            </TextEquiv>
          </Glyph>
          <TextEquiv>
            <Unicode>Sweet</Unicode>
          </TextEquiv>
        </Word>
        <Word id="w102">
          <Coords points="1560,695 1587,695 1587,741 1560,741"/>
          <Glyph id="c233">
            <Coords points="1560,695 1571,695 1571,741 1560,741"/>
            <TextEquiv>
              <Unicode>i</Unicode>
            </TextEquiv>
          </Glyph>
          <Glyph id="c234">
            <Coords points="1574,695 1587,695 1587,741 1574,741"/>
            <TextEquiv>
              <Unicode>s</Unicode>
            </TextEquiv>
          </Glyph>
          <TextEquiv>
            <Unicode>is</Unicode>
          </TextEquiv>
        </Word>
        <Word id="w103">
          <Coords points="1606,695 1666,695 1666,741 1606,741"/>
          <Glyph id="c235">
            <Coords points="1606,695 1619,695 1619,741 1606,741"/>
            <TextEquiv>
              <Unicode>t</Unicode>
            </TextEquiv>
          </Glyph>
          <Glyph id="c236">
            <Coords points="1625,695 1647,695 1647,741 1625,741"/>
            <TextEquiv>
              <Unicode>h</Unicode>
            </TextEquiv>
          </Glyph>
          <Glyph id="c237">
            <Coords points="1650,695 1666,695 1666,741 1650,741"/>
            <TextEquiv>
              <Unicode>e</Unicode>
            </TextEquiv>
          </Glyph>
          <TextEquiv>
            <Unicode>the</Unicode>
          </TextEquiv>
        </Word>
        <Word id="w104">
          <Coords points="1684,696 1780,696 1780,742 1684,742"/>
          <Glyph id="c238">
            <Coords points="1684,696 1705,696 1705,742 1684,742"/>
            <TextEquiv>
              <Unicode>p</Unicode>
            </TextEquiv>
          </Glyph>
          <Glyph id="c239">
            <Coords points="1707,696 1724,696 1724,742 1707,742"/>
            <TextEquiv>
              <Unicode>r</Unicode>
            </TextEquiv>
          </Glyph>
          <Glyph id="c240">
            <Coords points="1728,696 1746,696 1746,742 1728,742"/>
            <TextEquiv>
              <Unicode>o</Unicode>
            </TextEquiv>
          </Glyph>
          <Glyph id="c241">
            <Coords points="1748,696 1780,696 1780,742 1748,742"/>
            <TextEquiv>
              <Unicode>m</Unicode>
            </TextEquiv>
          </Glyph>
          <TextEquiv>
            <Unicode>prom</Unicode>
          </TextEquiv>
        </Word>
        <Word id="w105">
          <Coords points="1785,696 1797,696 1797,742 1785,742"/>
          <Glyph id="c242">
            <Coords points="1785,696 1797,696 1797,742 1785,742"/>
            <TextEquiv>
              <Unicode>-</Unicode>
            </TextEquiv>
          </Glyph>
          <TextEquiv>
            <Unicode>-</Unicode>
          </TextEquiv>
        </Word>
        <Word id="w106">
          <Coords points="1799,696 1850,696 1850,742 1799,742"/>
          <Glyph id="c243">
            <Coords points="1799,696 1813,696 1813,742 1799,742"/>
            <TextEquiv>
              <Unicode>i</Unicode>
            </TextEquiv>
          </Glyph>
          <Glyph id="c244">
            <Coords points="1815,696 1831,696 1831,742 1815,742"/>
            <TextEquiv>
              <Unicode>s</Unicode>
            </TextEquiv>
          </Glyph>
          <Glyph id="c245">
            <Coords points="1832,696 1850,696 1850,742 1832,742"/>
            <TextEquiv>
              <Unicode>e</Unicode>
            </TextEquiv>
          </Glyph>
          <TextEquiv>
            <Unicode>ise</Unicode>
          </TextEquiv>
        </Word>
        <Word id="w107">
          <Coords points="1885,697 1924,697 1924,743 1885,743"/>
          <Glyph id="c246">
            <Coords points="1885,697 1907,697 1907,743 1885,743"/>
            <TextEquiv>
              <Unicode>a</Unicode>
            </TextEquiv>
          </Glyph>
          <Glyph id="c247">
            <Coords points="1908,697 1924,697 1924,743 1908,743"/>
            <TextEquiv>
              <Unicode>s</Unicode>
            </TextEquiv>
          </Glyph>
          <TextEquiv>
            <Unicode>as</Unicode>
          </TextEquiv>
        </Word>
        <TextEquiv>
          <Unicode/>
        </TextEquiv>
      </TextLine>
      <TextEquiv>
        <Unicode/>
      </TextEquiv>
    </TextRegion>
    <TextRegion id="r7">
      <Coords points="489,400 527,401 526,438 488,437"/>
      <TextLine id="l11">
        <Coords points="488,400 527,400 527,438 488,438"/>
        <Word id="w108">
          <Coords points="489,400 527,401 526,438 488,437"/>
          <Glyph id="c248">
            <Coords points="489,400 527,401 526,438 488,437"/>
            <TextEquiv>
              <Unicode>6</Unicode>
            </TextEquiv>
          </Glyph>
          <TextEquiv>
            <Unicode>6</Unicode>
          </TextEquiv>
        </Word>
        <TextEquiv>
          <Unicode/>
        </TextEquiv>
      </TextLine>
      <TextEquiv>
        <Unicode/>
      </TextEquiv>
    </TextRegion>
    <TextRegion id="r8">
      <Coords points="487,444 528,445 527,482 486,481"/>
      <TextLine id="l12">
        <Coords points="486,444 528,444 528,482 486,482"/>
        <Word id="w109">
          <Coords points="487,444 528,445 527,482 486,481"/>
          <Glyph id="c249">
            <Coords points="487,444 528,445 527,482 486,481"/>
            <TextEquiv>
              <Unicode>8</Unicode>
            </TextEquiv>
          </Glyph>
          <TextEquiv>
            <Unicode>8</Unicode>
          </TextEquiv>
        </Word>
        <TextEquiv>
          <Unicode/>
        </TextEquiv>
      </TextLine>
      <TextEquiv>
        <Unicode/>
      </TextEquiv>
    </TextRegion>
    <TextRegion id="r9">
      <Coords points="377,774 750,744 759,862 386,892"/>
      <TextLine id="l13">
        <Coords points="379,752 750,752 750,864 379,864"/>
        <Word id="w110">
          <Coords points="379,799 522,781 530,846 387,864"/>
          <Glyph id="c250">
            <Coords points="379,800 455,790 463,854 387,864"/>
            <TextEquiv>
              <Unicode>9</Unicode>
            </TextEquiv>
          </Glyph>
          <Glyph id="c251">
            <Coords points="448,791 480,787 488,851 456,855"/>
            <TextEquiv>
              <Unicode>7</Unicode>
            </TextEquiv>
          </Glyph>
          <Glyph id="c252">
            <Coords points="483,786 522,781 530,845 491,850"/>
            <TextEquiv>
              <Unicode>6</Unicode>
            </TextEquiv>
          </Glyph>
          <TextEquiv>
            <Unicode>976</Unicode>
          </TextEquiv>
        </Word>
        <Word id="w111">
          <Coords points="656,752 750,753 749,863 655,862"/>
          <Glyph id="c253">
            <Coords points="656,752 750,753 749,863 655,862"/>
            <TextEquiv>
              <Unicode>E</Unicode>
            </TextEquiv>
          </Glyph>
          <TextEquiv>
            <Unicode>E</Unicode>
          </TextEquiv>
        </Word>
        <TextEquiv>
          <Unicode/>
        </TextEquiv>
      </TextLine>
      <TextEquiv>
        <Unicode/>
      </TextEquiv>
    </TextRegion>
    <TextRegion id="r10">
      <Coords points="484,842 525,842 525,880 484,880"/>
      <TextLine id="l14">
        <Coords points="484,842 525,842 525,880 484,880"/>
        <Word id="w112">
          <Coords points="484,842 525,842 525,880 484,880"/>
          <Glyph id="c254">
            <Coords points="484,842 525,842 525,880 484,880"/>
            <TextEquiv>
              <Unicode>8</Unicode>
            </TextEquiv>
          </Glyph>
          <TextEquiv>
            <Unicode>8</Unicode>
          </TextEquiv>
        </Word>
        <TextEquiv>
          <Unicode/>
        </TextEquiv>
      </TextLine>
      <TextEquiv>
        <Unicode/>
      </TextEquiv>
    </TextRegion>
    <TextRegion id="r11">
      <Coords points="389,1009 642,1012 641,1140 388,1137"/>
      <TextLine id="l15">
        <Coords points="388,1009 642,1009 642,1140 388,1140"/>
        <Word id="w113">
          <Coords points="389,1009 642,1012 641,1140 388,1137"/>
          <Glyph id="c255">
            <Coords points="389,1010 474,1011 473,1138 388,1137"/>
            <TextEquiv>
              <Unicode>f</Unicode>
            </TextEquiv>
          </Glyph>
          <Glyph id="c256">
            <Coords points="555,1011 642,1012 641,1139 554,1138"/>
            <TextEquiv>
              <Unicode>i</Unicode>
            </TextEquiv>
          </Glyph>
          <TextEquiv>
            <Unicode>fi</Unicode>
          </TextEquiv>
        </Word>
        <TextEquiv>
          <Unicode/>
        </TextEquiv>
      </TextLine>
      <TextEquiv>
        <Unicode/>
      </TextEquiv>
    </TextRegion>
    <TextRegion id="r12">
      <Coords points="428,1166 1966,1166 1966,1375 428,1375"/>
      <TextLine id="l16">
        <Coords points="428,1166 1964,1166 1964,1208 428,1208"/>
        <Word id="w114">
          <Coords points="428,1166 559,1166 559,1208 428,1208"/>
          <Glyph id="c257">
            <Coords points="428,1166 445,1166 445,1208 428,1208"/>
            <TextEquiv>
              <Unicode>s</Unicode>
            </TextEquiv>
          </Glyph>
          <Glyph id="c258">
            <Coords points="448,1166 466,1166 466,1208 448,1208"/>
            <TextEquiv>
              <Unicode>o</Unicode>
            </TextEquiv>
          </Glyph>
          <Glyph id="c259">
            <Coords points="468,1166 487,1166 487,1208 468,1208"/>
            <TextEquiv>
              <Unicode>r</Unicode>
            </TextEquiv>
          </Glyph>
          <Glyph id="c260">
            <Coords points="486,1166 506,1166 506,1208 486,1208"/>
            <TextEquiv>
              <Unicode>r</Unicode>
            </TextEquiv>
          </Glyph>
          <Glyph id="c261">
            <Coords points="508,1166 527,1166 527,1208 508,1208"/>
            <TextEquiv>
              <Unicode>o</Unicode>
            </TextEquiv>
          </Glyph>
          <Glyph id="c262">
            <Coords points="528,1166 559,1166 559,1208 528,1208"/>
            <TextEquiv>
              <Unicode>w</Unicode>
            </TextEquiv>
          </Glyph>
          <TextEquiv>
            <Unicode>sorrow</Unicode>
          </TextEquiv>
        </Word>
        <Word id="w115">
          <Coords points="569,1166 642,1166 642,1208 569,1208"/>
          <Glyph id="c263">
            <Coords points="569,1166 593,1166 593,1208 569,1208"/>
            <TextEquiv>
              <Unicode>a</Unicode>
            </TextEquiv>
          </Glyph>
          <Glyph id="c264">
            <Coords points="593,1166 617,1166 617,1208 593,1208"/>
            <TextEquiv>
              <Unicode>n</Unicode>
            </TextEquiv>
          </Glyph>
          <Glyph id="c265">
            <Coords points="619,1166 642,1166 642,1208 619,1208"/>
            <TextEquiv>
              <Unicode>d</Unicode>
            </TextEquiv>
          </Glyph>
          <TextEquiv>
            <Unicode>and</Unicode>
          </TextEquiv>
        </Word>
        <Word id="w116">
          <Coords points="649,1166 770,1166 770,1208 649,1208"/>
          <Glyph id="c266">
            <Coords points="649,1166 664,1166 664,1208 649,1208"/>
            <TextEquiv>
              <Unicode>s</Unicode>
            </TextEquiv>
          </Glyph>
          <Glyph id="c267">
            <Coords points="667,1166 690,1166 690,1208 667,1208"/>
            <TextEquiv>
              <Unicode>h</Unicode>
            </TextEquiv>
          </Glyph>
          <Glyph id="c268">
            <Coords points="691,1166 714,1166 714,1208 691,1208"/>
            <TextEquiv>
              <Unicode>a</Unicode>
            </TextEquiv>
          </Glyph>
          <Glyph id="c269">
            <Coords points="715,1166 750,1166 750,1208 715,1208"/>
            <TextEquiv>
              <Unicode>m</Unicode>
            </TextEquiv>
          </Glyph>
          <Glyph id="c270">
            <Coords points="752,1166 770,1166 770,1208 752,1208"/>
            <TextEquiv>
              <Unicode>e</Unicode>
            </TextEquiv>
          </Glyph>
          <TextEquiv>
            <Unicode>shame</Unicode>
          </TextEquiv>
        </Word>
        <Word id="w117">
          <Coords points="780,1166 787,1166 787,1208 780,1208"/>
          <Glyph id="c271">
            <Coords points="780,1166 787,1166 787,1208 780,1208"/>
            <TextEquiv>
              <Unicode>;</Unicode>
            </TextEquiv>
          </Glyph>
          <TextEquiv>
            <Unicode>;</Unicode>
          </TextEquiv>
        </Word>
        <Word id="w118">
          <Coords points="805,1166 853,1166 853,1208 805,1208"/>
          <Glyph id="c272">
            <Coords points="805,1166 828,1166 828,1208 805,1208"/>
            <TextEquiv>
              <Unicode>O</Unicode>
            </TextEquiv>
          </Glyph>
          <Glyph id="c273">
            <Coords points="832,1166 853,1166 853,1208 832,1208"/>
            <TextEquiv>
              <Unicode>h</Unicode>
            </TextEquiv>
          </Glyph>
          <TextEquiv>
            <Unicode>Oh</Unicode>
          </TextEquiv>
        </Word>
        <Word id="w119">
          <Coords points="865,1166 871,1166 871,1208 865,1208"/>
          <Glyph id="c274">
            <Coords points="865,1166 871,1166 871,1208 865,1208"/>
            <TextEquiv>
              <Unicode>!</Unicode>
            </TextEquiv>
          </Glyph>
          <TextEquiv>
            <Unicode>!</Unicode>
          </TextEquiv>
        </Word>
        <Word id="w120">
          <Coords points="886,1166 914,1166 914,1208 886,1208"/>
          <Glyph id="c275">
            <Coords points="886,1166 896,1166 896,1208 886,1208"/>
            <TextEquiv>
              <Unicode>i</Unicode>
            </TextEquiv>
          </Glyph>
          <Glyph id="c276">
            <Coords points="901,1166 914,1166 914,1208 901,1208"/>
            <TextEquiv>
              <Unicode>t</Unicode>
            </TextEquiv>
          </Glyph>
          <TextEquiv>
            <Unicode>it</Unicode>
          </TextEquiv>
        </Word>
        <Word id="w121">
          <Coords points="928,1166 994,1166 994,1208 928,1208"/>
          <Glyph id="c277">
            <Coords points="928,1166 957,1166 957,1208 928,1208"/>
            <TextEquiv>
              <Unicode>w</Unicode>
            </TextEquiv>
          </Glyph>
          <Glyph id="c278">
            <Coords points="959,1166 978,1166 978,1208 959,1208"/>
            <TextEquiv>
              <Unicode>a</Unicode>
            </TextEquiv>
          </Glyph>
          <Glyph id="c279">
            <Coords points="982,1166 994,1166 994,1208 982,1208"/>
            <TextEquiv>
              <Unicode>s</Unicode>
            </TextEquiv>
          </Glyph>
          <TextEquiv>
            <Unicode>was</Unicode>
          </TextEquiv>
        </Word>
        <Word id="w122">
          <Coords points="1009,1166 1204,1166 1204,1208 1009,1208"/>
          <Glyph id="c280">
            <Coords points="1009,1166 1039,1166 1039,1208 1009,1208"/>
            <TextEquiv>
              <Unicode>w</Unicode>
            </TextEquiv>
          </Glyph>
          <Glyph id="c281">
            <Coords points="1041,1166 1058,1166 1058,1208 1041,1208"/>
            <TextEquiv>
              <Unicode>o</Unicode>
            </TextEquiv>
          </Glyph>
          <Glyph id="c282">
            <Coords points="1063,1166 1084,1166 1084,1208 1063,1208"/>
            <TextEquiv>
              <Unicode>n</Unicode>
            </TextEquiv>
          </Glyph>
          <Glyph id="c283">
            <Coords points="1089,1166 1108,1166 1108,1208 1089,1208"/>
            <TextEquiv>
              <Unicode>d</Unicode>
            </TextEquiv>
          </Glyph>
          <Glyph id="c284">
            <Coords points="1111,1166 1128,1166 1128,1208 1111,1208"/>
            <TextEquiv>
              <Unicode>e</Unicode>
            </TextEquiv>
          </Glyph>
          <Glyph id="c285">
            <Coords points="1132,1166 1149,1166 1149,1208 1132,1208"/>
            <TextEquiv>
              <Unicode>r</Unicode>
            </TextEquiv>
          </Glyph>
          <Glyph id="c286">
            <Coords points="1153,1166 1171,1166 1171,1208 1153,1208"/>
            <TextEquiv>
              <Unicode>f</Unicode>
            </TextEquiv>
          </Glyph>
          <Glyph id="c287">
            <Coords points="1168,1166 1190,1166 1190,1208 1168,1208"/>
            <TextEquiv>
              <Unicode>u</Unicode>
            </TextEquiv>
          </Glyph>
          <Glyph id="c288">
            <Coords points="1193,1166 1204,1166 1204,1208 1193,1208"/>
            <TextEquiv>
              <Unicode>l</Unicode>
            </TextEquiv>
          </Glyph>
          <TextEquiv>
            <Unicode>wonderful</Unicode>
          </TextEquiv>
        </Word>
        <Word id="w123">
          <Coords points="1214,1166 1222,1166 1222,1208 1214,1208"/>
          <Glyph id="c289">
            <Coords points="1214,1166 1222,1166 1222,1208 1214,1208"/>
            <TextEquiv>
              <Unicode>!</Unicode>
            </TextEquiv>
          </Glyph>
          <TextEquiv>
            <Unicode>!</Unicode>
          </TextEquiv>
        </Word>
        <Word id="w124">
          <Coords points="1239,1166 1328,1166 1328,1208 1239,1208"/>
          <Glyph id="c290">
            <Coords points="1239,1166 1258,1166 1258,1208 1239,1208"/>
            <TextEquiv>
              <Unicode>b</Unicode>
            </TextEquiv>
          </Glyph>
          <Glyph id="c291">
            <Coords points="1262,1166 1273,1166 1273,1208 1262,1208"/>
            <TextEquiv>
              <Unicode>l</Unicode>
            </TextEquiv>
          </Glyph>
          <Glyph id="c292">
            <Coords points="1276,1166 1293,1166 1293,1208 1276,1208"/>
            <TextEquiv>
              <Unicode>e</Unicode>
            </TextEquiv>
          </Glyph>
          <Glyph id="c293">
            <Coords points="1295,1166 1308,1166 1308,1208 1295,1208"/>
            <TextEquiv>
              <Unicode>s</Unicode>
            </TextEquiv>
          </Glyph>
          <Glyph id="c294">
            <Coords points="1314,1166 1328,1166 1328,1208 1314,1208"/>
            <TextEquiv>
              <Unicode>t</Unicode>
            </TextEquiv>
          </Glyph>
          <TextEquiv>
            <Unicode>blest</Unicode>
          </TextEquiv>
        </Word>
        <Word id="w125">
          <Coords points="1341,1166 1380,1166 1380,1208 1341,1208"/>
          <Glyph id="c295">
            <Coords points="1341,1166 1360,1166 1360,1208 1341,1208"/>
            <TextEquiv>
              <Unicode>b</Unicode>
            </TextEquiv>
          </Glyph>
          <Glyph id="c296">
            <Coords points="1364,1166 1380,1166 1380,1208 1364,1208"/>
            <TextEquiv>
              <Unicode>e</Unicode>
            </TextEquiv>
          </Glyph>
          <TextEquiv>
            <Unicode>be</Unicode>
          </TextEquiv>
        </Word>
        <Word id="w126">
          <Coords points="1395,1166 1453,1166 1453,1208 1395,1208"/>
          <Glyph id="c297">
            <Coords points="1395,1166 1422,1166 1422,1208 1395,1208"/>
            <TextEquiv>
              <Unicode>H</Unicode>
            </TextEquiv>
          </Glyph>
          <Glyph id="c298">
            <Coords points="1424,1166 1437,1166 1437,1208 1424,1208"/>
            <TextEquiv>
              <Unicode>i</Unicode>
            </TextEquiv>
          </Glyph>
          <Glyph id="c299">
            <Coords points="1440,1166 1453,1166 1453,1208 1440,1208"/>
            <TextEquiv>
              <Unicode>s</Unicode>
            </TextEquiv>
          </Glyph>
          <TextEquiv>
            <Unicode>His</Unicode>
          </TextEquiv>
        </Word>
        <Word id="w127">
          <Coords points="1465,1166 1565,1166 1565,1208 1465,1208"/>
          <Glyph id="c300">
            <Coords points="1465,1166 1488,1166 1488,1208 1465,1208"/>
            <TextEquiv>
              <Unicode>n</Unicode>
            </TextEquiv>
          </Glyph>
          <Glyph id="c301">
            <Coords points="1489,1166 1510,1166 1510,1208 1489,1208"/>
            <TextEquiv>
              <Unicode>a</Unicode>
            </TextEquiv>
          </Glyph>
          <Glyph id="c302">
            <Coords points="1513,1166 1547,1166 1547,1208 1513,1208"/>
            <TextEquiv>
              <Unicode>m</Unicode>
            </TextEquiv>
          </Glyph>
          <Glyph id="c303">
            <Coords points="1548,1166 1565,1166 1565,1208 1548,1208"/>
            <TextEquiv>
              <Unicode>e</Unicode>
            </TextEquiv>
          </Glyph>
          <TextEquiv>
            <Unicode>name</Unicode>
          </TextEquiv>
        </Word>
        <Word id="w128">
          <Coords points="1575,1166 1583,1166 1583,1208 1575,1208"/>
          <Glyph id="c304">
            <Coords points="1575,1166 1583,1166 1583,1208 1575,1208"/>
            <TextEquiv>
              <Unicode>!</Unicode>
            </TextEquiv>
          </Glyph>
          <TextEquiv>
            <Unicode>!</Unicode>
          </TextEquiv>
        </Word>
        <Word id="w129">
          <Coords points="1604,1166 1754,1166 1754,1208 1604,1208"/>
          <Glyph id="c305">
            <Coords points="1604,1166 1622,1166 1622,1208 1604,1208"/>
            <TextEquiv>
              <Unicode>S</Unicode>
            </TextEquiv>
          </Glyph>
          <Glyph id="c306">
            <Coords points="1627,1166 1644,1166 1644,1208 1627,1208"/>
            <TextEquiv>
              <Unicode>e</Unicode>
            </TextEquiv>
          </Glyph>
          <Glyph id="c307">
            <Coords points="1646,1166 1665,1166 1665,1208 1646,1208"/>
            <TextEquiv>
              <Unicode>e</Unicode>
            </TextEquiv>
          </Glyph>
          <Glyph id="c308">
            <Coords points="1666,1166 1689,1166 1689,1208 1666,1208"/>
            <TextEquiv>
              <Unicode>k</Unicode>
            </TextEquiv>
          </Glyph>
          <Glyph id="c309">
            <Coords points="1691,1166 1704,1166 1704,1208 1691,1208"/>
            <TextEquiv>
              <Unicode>i</Unicode>
            </TextEquiv>
          </Glyph>
          <Glyph id="c310">
            <Coords points="1708,1166 1730,1166 1730,1208 1708,1208"/>
            <TextEquiv>
              <Unicode>n</Unicode>
            </TextEquiv>
          </Glyph>
          <Glyph id="c311">
            <Coords points="1733,1166 1754,1166 1754,1208 1733,1208"/>
            <TextEquiv>
              <Unicode>g</Unicode>
            </TextEquiv>
          </Glyph>
          <TextEquiv>
            <Unicode>Seeking</Unicode>
          </TextEquiv>
        </Word>
        <Word id="w130">
          <Coords points="1767,1166 1820,1166 1820,1208 1767,1208"/>
          <Glyph id="c312">
            <Coords points="1767,1166 1784,1166 1784,1208 1767,1208"/>
            <TextEquiv>
              <Unicode>f</Unicode>
            </TextEquiv>
          </Glyph>
          <Glyph id="c313">
            <Coords points="1782,1166 1799,1166 1799,1208 1782,1208"/>
            <TextEquiv>
              <Unicode>o</Unicode>
            </TextEquiv>
          </Glyph>
          <Glyph id="c314">
            <Coords points="1803,1166 1820,1166 1820,1208 1803,1208"/>
            <TextEquiv>
              <Unicode>r</Unicode>
            </TextEquiv>
          </Glyph>
          <TextEquiv>
            <Unicode>for</Unicode>
          </TextEquiv>
        </Word>
        <Word id="w131">
          <Coords points="1834,1166 1886,1166 1886,1208 1834,1208"/>
          <Glyph id="c315">
            <Coords points="1834,1166 1865,1166 1865,1208 1834,1208"/>
            <TextEquiv>
              <Unicode>m</Unicode>
            </TextEquiv>
          </Glyph>
          <Glyph id="c316">
            <Coords points="1869,1166 1886,1166 1886,1208 1869,1208"/>
            <TextEquiv>
              <Unicode>e</Unicode>
            </TextEquiv>
          </Glyph>
          <TextEquiv>
            <Unicode>me</Unicode>
          </TextEquiv>
        </Word>
        <Word id="w132">
          <Coords points="1892,1166 1900,1166 1900,1208 1892,1208"/>
          <Glyph id="c317">
            <Coords points="1892,1166 1900,1166 1900,1208 1892,1208"/>
            <TextEquiv>
              <Unicode>,</Unicode>
            </TextEquiv>
          </Glyph>
          <TextEquiv>
            <Unicode>,</Unicode>
          </TextEquiv>
        </Word>
        <Word id="w133">
          <Coords points="1911,1166 1964,1166 1964,1208 1911,1208"/>
          <Glyph id="c318">
            <Coords points="1911,1166 1929,1166 1929,1208 1911,1208"/>
            <TextEquiv>
              <Unicode>f</Unicode>
            </TextEquiv>
          </Glyph>
          <Glyph id="c319">
            <Coords points="1926,1166 1943,1166 1943,1208 1926,1208"/>
            <TextEquiv>
              <Unicode>o</Unicode>
            </TextEquiv>
          </Glyph>
          <Glyph id="c320">
            <Coords points="1945,1166 1964,1166 1964,1208 1945,1208"/>
            <TextEquiv>
              <Unicode>r</Unicode>
            </TextEquiv>
          </Glyph>
          <TextEquiv>
            <Unicode>for</Unicode>
          </TextEquiv>
        </Word>
        <TextEquiv>
          <Unicode/>
        </TextEquiv>
      </TextLine>
      <TextLine id="l17">
        <Coords points="458,1220 1963,1220 1963,1265 458,1265"/>
        <Word id="w134">
          <Coords points="458,1220 537,1220 537,1265 458,1265"/>
          <Glyph id="c321">
            <Coords points="458,1220 474,1220 474,1265 458,1265"/>
            <TextEquiv>
              <Unicode>s</Unicode>
            </TextEquiv>
          </Glyph>
          <Glyph id="c322">
            <Coords points="477,1220 496,1220 496,1265 477,1265"/>
            <TextEquiv>
              <Unicode>o</Unicode>
            </TextEquiv>
          </Glyph>
          <Glyph id="c323">
            <Coords points="496,1220 520,1220 520,1265 496,1265"/>
            <TextEquiv>
              <Unicode>u</Unicode>
            </TextEquiv>
          </Glyph>
          <Glyph id="c324">
            <Coords points="521,1220 537,1220 537,1265 521,1265"/>
            <TextEquiv>
              <Unicode>l</Unicode>
            </TextEquiv>
          </Glyph>
          <TextEquiv>
            <Unicode>soul</Unicode>
          </TextEquiv>
        </Word>
        <Word id="w135">
          <Coords points="553,1220 601,1220 601,1265 553,1265"/>
          <Glyph id="c325">
            <Coords points="553,1220 582,1220 582,1265 553,1265"/>
            <TextEquiv>
              <Unicode>H</Unicode>
            </TextEquiv>
          </Glyph>
          <Glyph id="c326">
            <Coords points="582,1220 601,1220 601,1265 582,1265"/>
            <TextEquiv>
              <Unicode>e</Unicode>
            </TextEquiv>
          </Glyph>
          <TextEquiv>
            <Unicode>He</Unicode>
          </TextEquiv>
        </Word>
        <Word id="w136">
          <Coords points="617,1220 670,1220 670,1265 617,1265"/>
          <Glyph id="c327">
            <Coords points="617,1220 631,1220 631,1265 617,1265"/>
            <TextEquiv>
              <Unicode>s</Unicode>
            </TextEquiv>
          </Glyph>
          <Glyph id="c328">
            <Coords points="636,1220 653,1220 653,1265 636,1265"/>
            <TextEquiv>
              <Unicode>e</Unicode>
            </TextEquiv>
          </Glyph>
          <Glyph id="c329">
            <Coords points="654,1220 670,1220 670,1265 654,1265"/>
            <TextEquiv>
              <Unicode>t</Unicode>
            </TextEquiv>
          </Glyph>
          <TextEquiv>
            <Unicode>set</Unicode>
          </TextEquiv>
        </Word>
        <Word id="w137">
          <Coords points="688,1220 762,1220 762,1265 688,1265"/>
          <Glyph id="c330">
            <Coords points="688,1220 705,1220 705,1265 688,1265"/>
            <TextEquiv>
              <Unicode>f</Unicode>
            </TextEquiv>
          </Glyph>
          <Glyph id="c331">
            <Coords points="704,1220 722,1220 722,1265 704,1265"/>
            <TextEquiv>
              <Unicode>r</Unicode>
            </TextEquiv>
          </Glyph>
          <Glyph id="c332">
            <Coords points="722,1220 740,1220 740,1265 722,1265"/>
            <TextEquiv>
              <Unicode>e</Unicode>
            </TextEquiv>
          </Glyph>
          <Glyph id="c333">
            <Coords points="744,1220 762,1220 762,1265 744,1265"/>
            <TextEquiv>
              <Unicode>e</Unicode>
            </TextEquiv>
          </Glyph>
          <TextEquiv>
            <Unicode>free</Unicode>
          </TextEquiv>
        </Word>
        <Word id="w138">
          <Coords points="771,1220 778,1220 778,1265 771,1265"/>
          <Glyph id="c334">
            <Coords points="771,1220 778,1220 778,1265 771,1265"/>
            <TextEquiv>
              <Unicode>;</Unicode>
            </TextEquiv>
          </Glyph>
          <TextEquiv>
            <Unicode>;</Unicode>
          </TextEquiv>
        </Word>
        <Word id="w139">
          <Coords points="804,1220 851,1220 851,1265 804,1265"/>
          <Glyph id="c335">
            <Coords points="804,1220 825,1220 825,1265 804,1265"/>
            <TextEquiv>
              <Unicode>O</Unicode>
            </TextEquiv>
          </Glyph>
          <Glyph id="c336">
            <Coords points="830,1220 851,1220 851,1265 830,1265"/>
            <TextEquiv>
              <Unicode>h</Unicode>
            </TextEquiv>
          </Glyph>
          <TextEquiv>
            <Unicode>Oh</Unicode>
          </TextEquiv>
        </Word>
        <Word id="w140">
          <Coords points="862,1220 869,1220 869,1265 862,1265"/>
          <Glyph id="c337">
            <Coords points="862,1220 869,1220 869,1265 862,1265"/>
            <TextEquiv>
              <Unicode>!</Unicode>
            </TextEquiv>
          </Glyph>
          <TextEquiv>
            <Unicode>!</Unicode>
          </TextEquiv>
        </Word>
        <Word id="w141">
          <Coords points="883,1220 912,1220 912,1265 883,1265"/>
          <Glyph id="c338">
            <Coords points="883,1220 894,1220 894,1265 883,1265"/>
            <TextEquiv>
              <Unicode>i</Unicode>
            </TextEquiv>
          </Glyph>
          <Glyph id="c339">
            <Coords points="898,1220 912,1220 912,1265 898,1265"/>
            <TextEquiv>
              <Unicode>t</Unicode>
            </TextEquiv>
          </Glyph>
          <TextEquiv>
            <Unicode>it</Unicode>
          </TextEquiv>
        </Word>
        <Word id="w142">
          <Coords points="926,1220 992,1220 992,1265 926,1265"/>
          <Glyph id="c340">
            <Coords points="926,1220 954,1220 954,1265 926,1265"/>
            <TextEquiv>
              <Unicode>w</Unicode>
            </TextEquiv>
          </Glyph>
          <Glyph id="c341">
            <Coords points="956,1220 975,1220 975,1265 956,1265"/>
            <TextEquiv>
              <Unicode>a</Unicode>
            </TextEquiv>
          </Glyph>
          <Glyph id="c342">
            <Coords points="979,1220 992,1220 992,1265 979,1265"/>
            <TextEquiv>
              <Unicode>s</Unicode>
            </TextEquiv>
          </Glyph>
          <TextEquiv>
            <Unicode>was</Unicode>
          </TextEquiv>
        </Word>
        <Word id="w143">
          <Coords points="1008,1220 1200,1220 1200,1265 1008,1265"/>
          <Glyph id="c343">
            <Coords points="1008,1220 1036,1220 1036,1265 1008,1265"/>
            <TextEquiv>
              <Unicode>w</Unicode>
            </TextEquiv>
          </Glyph>
          <Glyph id="c344">
            <Coords points="1039,1220 1057,1220 1057,1265 1039,1265"/>
            <TextEquiv>
              <Unicode>o</Unicode>
            </TextEquiv>
          </Glyph>
          <Glyph id="c345">
            <Coords points="1059,1220 1081,1220 1081,1265 1059,1265"/>
            <TextEquiv>
              <Unicode>n</Unicode>
            </TextEquiv>
          </Glyph>
          <Glyph id="c346">
            <Coords points="1085,1220 1105,1220 1105,1265 1085,1265"/>
            <TextEquiv>
              <Unicode>d</Unicode>
            </TextEquiv>
          </Glyph>
          <Glyph id="c347">
            <Coords points="1108,1220 1125,1220 1125,1265 1108,1265"/>
            <TextEquiv>
              <Unicode>e</Unicode>
            </TextEquiv>
          </Glyph>
          <Glyph id="c348">
            <Coords points="1129,1220 1145,1220 1145,1265 1129,1265"/>
            <TextEquiv>
              <Unicode>r</Unicode>
            </TextEquiv>
          </Glyph>
          <Glyph id="c349">
            <Coords points="1149,1220 1166,1220 1166,1265 1149,1265"/>
            <TextEquiv>
              <Unicode>f</Unicode>
            </TextEquiv>
          </Glyph>
          <Glyph id="c350">
            <Coords points="1164,1220 1186,1220 1186,1265 1164,1265"/>
            <TextEquiv>
              <Unicode>u</Unicode>
            </TextEquiv>
          </Glyph>
          <Glyph id="c351">
            <Coords points="1189,1220 1200,1220 1200,1265 1189,1265"/>
            <TextEquiv>
              <Unicode>l</Unicode>
            </TextEquiv>
          </Glyph>
          <TextEquiv>
            <Unicode>wonderful</Unicode>
          </TextEquiv>
        </Word>
        <Word id="w144">
          <Coords points="1211,1220 1219,1220 1219,1265 1211,1265"/>
          <Glyph id="c352">
            <Coords points="1211,1220 1219,1220 1219,1265 1211,1265"/>
            <TextEquiv>
              <Unicode>!</Unicode>
            </TextEquiv>
          </Glyph>
          <TextEquiv>
            <Unicode>!</Unicode>
          </TextEquiv>
        </Word>
        <Word id="w145">
          <Coords points="1238,1220 1314,1220 1314,1265 1238,1265"/>
          <Glyph id="c353">
            <Coords points="1238,1220 1259,1220 1259,1265 1238,1265"/>
            <TextEquiv>
              <Unicode>h</Unicode>
            </TextEquiv>
          </Glyph>
          <Glyph id="c354">
            <Coords points="1263,1220 1280,1220 1280,1265 1263,1265"/>
            <TextEquiv>
              <Unicode>o</Unicode>
            </TextEquiv>
          </Glyph>
          <Glyph id="c355">
            <Coords points="1285,1220 1314,1220 1314,1265 1285,1265"/>
            <TextEquiv>
              <Unicode>w</Unicode>
            </TextEquiv>
          </Glyph>
          <TextEquiv>
            <Unicode>how</Unicode>
          </TextEquiv>
        </Word>
        <Word id="w146">
          <Coords points="1329,1220 1430,1220 1430,1265 1329,1265"/>
          <Glyph id="c356">
            <Coords points="1329,1220 1345,1220 1345,1265 1329,1265"/>
            <TextEquiv>
              <Unicode>c</Unicode>
            </TextEquiv>
          </Glyph>
          <Glyph id="c357">
            <Coords points="1348,1220 1365,1220 1365,1265 1348,1265"/>
            <TextEquiv>
              <Unicode>o</Unicode>
            </TextEquiv>
          </Glyph>
          <Glyph id="c358">
            <Coords points="1368,1220 1391,1220 1391,1265 1368,1265"/>
            <TextEquiv>
              <Unicode>u</Unicode>
            </TextEquiv>
          </Glyph>
          <Glyph id="c359">
            <Coords points="1393,1220 1405,1220 1405,1265 1393,1265"/>
            <TextEquiv>
              <Unicode>l</Unicode>
            </TextEquiv>
          </Glyph>
          <Glyph id="c360">
            <Coords points="1409,1220 1430,1220 1430,1265 1409,1265"/>
            <TextEquiv>
              <Unicode>d</Unicode>
            </TextEquiv>
          </Glyph>
          <TextEquiv>
            <Unicode>could</Unicode>
          </TextEquiv>
        </Word>
        <Word id="w147">
          <Coords points="1454,1220 1482,1220 1482,1265 1454,1265"/>
          <Glyph id="c361">
            <Coords points="1454,1220 1465,1220 1465,1265 1454,1265"/>
            <TextEquiv>
              <Unicode>i</Unicode>
            </TextEquiv>
          </Glyph>
          <Glyph id="c362">
            <Coords points="1469,1220 1482,1220 1482,1265 1469,1265"/>
            <TextEquiv>
              <Unicode>t</Unicode>
            </TextEquiv>
          </Glyph>
          <TextEquiv>
            <Unicode>it</Unicode>
          </TextEquiv>
        </Word>
        <Word id="w148">
          <Coords points="1510,1220 1548,1220 1548,1265 1510,1265"/>
          <Glyph id="c363">
            <Coords points="1510,1220 1528,1220 1528,1265 1510,1265"/>
            <TextEquiv>
              <Unicode>b</Unicode>
            </TextEquiv>
          </Glyph>
          <Glyph id="c364">
            <Coords points="1532,1220 1548,1220 1548,1265 1532,1265"/>
            <TextEquiv>
              <Unicode>e</Unicode>
            </TextEquiv>
          </Glyph>
          <TextEquiv>
            <Unicode>be</Unicode>
          </TextEquiv>
        </Word>
        <Word id="w149">
          <Coords points="1560,1220 1576,1220 1576,1265 1560,1265"/>
          <Glyph id="c365">
            <Coords points="1560,1220 1576,1220 1576,1265 1560,1265"/>
            <TextEquiv>
              <Unicode>?</Unicode>
            </TextEquiv>
          </Glyph>
          <TextEquiv>
            <Unicode>?</Unicode>
          </TextEquiv>
        </Word>
        <Word id="w150">
          <Coords points="1600,1220 1650,1220 1650,1265 1600,1265"/>
          <Glyph id="c366">
            <Coords points="1600,1220 1626,1220 1626,1265 1600,1265"/>
            <TextEquiv>
              <Unicode>D</Unicode>
            </TextEquiv>
          </Glyph>
          <Glyph id="c367">
            <Coords points="1628,1220 1650,1220 1650,1265 1628,1265"/>
            <TextEquiv>
              <Unicode>y</Unicode>
            </TextEquiv>
          </Glyph>
          <TextEquiv>
            <Unicode>Dy</Unicode>
          </TextEquiv>
        </Word>
        <Word id="w151">
          <Coords points="1654,1220 1665,1220 1665,1265 1654,1265"/>
          <Glyph id="c368">
            <Coords points="1654,1220 1665,1220 1665,1265 1654,1265"/>
            <TextEquiv>
              <Unicode>-</Unicode>
            </TextEquiv>
          </Glyph>
          <TextEquiv>
            <Unicode>-</Unicode>
          </TextEquiv>
        </Word>
        <Word id="w152">
          <Coords points="1669,1220 1732,1220 1732,1265 1669,1265"/>
          <Glyph id="c369">
            <Coords points="1669,1220 1680,1220 1680,1265 1669,1265"/>
            <TextEquiv>
              <Unicode>i</Unicode>
            </TextEquiv>
          </Glyph>
          <Glyph id="c370">
            <Coords points="1685,1220 1707,1220 1707,1265 1685,1265"/>
            <TextEquiv>
              <Unicode>n</Unicode>
            </TextEquiv>
          </Glyph>
          <Glyph id="c371">
            <Coords points="1711,1220 1732,1220 1732,1265 1711,1265"/>
            <TextEquiv>
              <Unicode>g</Unicode>
            </TextEquiv>
          </Glyph>
          <TextEquiv>
            <Unicode>ing</Unicode>
          </TextEquiv>
        </Word>
        <Word id="w153">
          <Coords points="1755,1220 1810,1220 1810,1265 1755,1265"/>
          <Glyph id="c372">
            <Coords points="1755,1220 1773,1220 1773,1265 1755,1265"/>
            <TextEquiv>
              <Unicode>f</Unicode>
            </TextEquiv>
          </Glyph>
          <Glyph id="c373">
            <Coords points="1771,1220 1788,1220 1788,1265 1771,1265"/>
            <TextEquiv>
              <Unicode>o</Unicode>
            </TextEquiv>
          </Glyph>
          <Glyph id="c374">
            <Coords points="1792,1220 1810,1220 1810,1265 1792,1265"/>
            <TextEquiv>
              <Unicode>r</Unicode>
            </TextEquiv>
          </Glyph>
          <TextEquiv>
            <Unicode>for</Unicode>
          </TextEquiv>
        </Word>
        <Word id="w154">
          <Coords points="1831,1220 1884,1220 1884,1265 1831,1265"/>
          <Glyph id="c375">
            <Coords points="1831,1220 1862,1220 1862,1265 1831,1265"/>
            <TextEquiv>
              <Unicode>m</Unicode>
            </TextEquiv>
          </Glyph>
          <Glyph id="c376">
            <Coords points="1867,1220 1884,1220 1884,1265 1867,1265"/>
            <TextEquiv>
              <Unicode>e</Unicode>
            </TextEquiv>
          </Glyph>
          <TextEquiv>
            <Unicode>me</Unicode>
          </TextEquiv>
        </Word>
        <Word id="w155">
          <Coords points="1889,1220 1897,1220 1897,1265 1889,1265"/>
          <Glyph id="c377">
            <Coords points="1889,1220 1897,1220 1897,1265 1889,1265"/>
            <TextEquiv>
              <Unicode>,</Unicode>
            </TextEquiv>
          </Glyph>
          <TextEquiv>
            <Unicode>,</Unicode>
          </TextEquiv>
        </Word>
        <Word id="w156">
          <Coords points="1910,1220 1963,1220 1963,1265 1910,1265"/>
          <Glyph id="c378">
            <Coords points="1910,1220 1928,1220 1928,1265 1910,1265"/>
            <TextEquiv>
              <Unicode>f</Unicode>
            </TextEquiv>
          </Glyph>
          <Glyph id="c379">
            <Coords points="1925,1220 1942,1220 1942,1265 1925,1265"/>
            <TextEquiv>
              <Unicode>o</Unicode>
            </TextEquiv>
          </Glyph>
          <Glyph id="c380">
            <Coords points="1944,1220 1963,1220 1963,1265 1944,1265"/>
            <TextEquiv>
              <Unicode>r</Unicode>
            </TextEquiv>
          </Glyph>
          <TextEquiv>
            <Unicode>for</Unicode>
          </TextEquiv>
        </Word>
        <TextEquiv>
          <Unicode/>
        </TextEquiv>
      </TextLine>
      <TextLine id="l18">
        <Coords points="441,1275 1963,1275 1963,1319 441,1319"/>
        <Word id="w157">
          <Coords points="441,1275 501,1275 501,1319 441,1319"/>
          <Glyph id="c381">
            <Coords points="441,1275 462,1275 462,1319 441,1319"/>
            <TextEquiv>
              <Unicode>f</Unicode>
            </TextEquiv>
          </Glyph>
          <Glyph id="c382">
            <Coords points="459,1275 481,1275 481,1319 459,1319"/>
            <TextEquiv>
              <Unicode>a</Unicode>
            </TextEquiv>
          </Glyph>
          <Glyph id="c383">
            <Coords points="482,1275 501,1275 501,1319 482,1319"/>
            <TextEquiv>
              <Unicode>r</Unicode>
            </TextEquiv>
          </Glyph>
          <TextEquiv>
            <Unicode>far</Unicode>
          </TextEquiv>
        </Word>
        <Word id="w158">
          <Coords points="511,1275 603,1275 603,1319 511,1319"/>
          <Glyph id="c384">
            <Coords points="511,1275 529,1275 529,1319 511,1319"/>
            <TextEquiv>
              <Unicode>f</Unicode>
            </TextEquiv>
          </Glyph>
          <Glyph id="c385">
            <Coords points="529,1275 548,1275 548,1319 529,1319"/>
            <TextEquiv>
              <Unicode>r</Unicode>
            </TextEquiv>
          </Glyph>
          <Glyph id="c386">
            <Coords points="549,1275 567,1275 567,1319 549,1319"/>
            <TextEquiv>
              <Unicode>o</Unicode>
            </TextEquiv>
          </Glyph>
          <Glyph id="c387">
            <Coords points="570,1275 603,1275 603,1319 570,1319"/>
            <TextEquiv>
              <Unicode>m</Unicode>
            </TextEquiv>
          </Glyph>
          <TextEquiv>
            <Unicode>from</Unicode>
          </TextEquiv>
        </Word>
        <Word id="w159">
          <Coords points="614,1275 675,1275 675,1319 614,1319"/>
          <Glyph id="c388">
            <Coords points="614,1275 628,1275 628,1319 614,1319"/>
            <TextEquiv>
              <Unicode>t</Unicode>
            </TextEquiv>
          </Glyph>
          <Glyph id="c389">
            <Coords points="633,1275 655,1275 655,1319 633,1319"/>
            <TextEquiv>
              <Unicode>h</Unicode>
            </TextEquiv>
          </Glyph>
          <Glyph id="c390">
            <Coords points="658,1275 675,1275 675,1319 658,1319"/>
            <TextEquiv>
              <Unicode>e</Unicode>
            </TextEquiv>
          </Glyph>
          <TextEquiv>
            <Unicode>the</Unicode>
          </TextEquiv>
        </Word>
        <Word id="w160">
          <Coords points="687,1275 760,1275 760,1319 687,1319"/>
          <Glyph id="c391">
            <Coords points="687,1275 704,1275 704,1319 687,1319"/>
            <TextEquiv>
              <Unicode>f</Unicode>
            </TextEquiv>
          </Glyph>
          <Glyph id="c392">
            <Coords points="703,1275 720,1275 720,1319 703,1319"/>
            <TextEquiv>
              <Unicode>o</Unicode>
            </TextEquiv>
          </Glyph>
          <Glyph id="c393">
            <Coords points="722,1275 734,1275 734,1319 722,1319"/>
            <TextEquiv>
              <Unicode>l</Unicode>
            </TextEquiv>
          </Glyph>
          <Glyph id="c394">
            <Coords points="737,1275 760,1275 760,1319 737,1319"/>
            <TextEquiv>
              <Unicode>d</Unicode>
            </TextEquiv>
          </Glyph>
          <TextEquiv>
            <Unicode>fold</Unicode>
          </TextEquiv>
        </Word>
        <Word id="w161">
          <Coords points="765,1275 771,1275 771,1319 765,1319"/>
          <Glyph id="c395">
            <Coords points="765,1275 771,1275 771,1319 765,1319"/>
            <TextEquiv>
              <Unicode>,</Unicode>
            </TextEquiv>
          </Glyph>
          <TextEquiv>
            <Unicode>,</Unicode>
          </TextEquiv>
        </Word>
        <Word id="w162">
          <Coords points="785,1275 911,1275 911,1319 785,1319"/>
          <Glyph id="c396">
            <Coords points="785,1275 809,1275 809,1319 785,1319"/>
            <TextEquiv>
              <Unicode>G</Unicode>
            </TextEquiv>
          </Glyph>
          <Glyph id="c397">
            <Coords points="812,1275 829,1275 829,1319 812,1319"/>
            <TextEquiv>
              <Unicode>e</Unicode>
            </TextEquiv>
          </Glyph>
          <Glyph id="c398">
            <Coords points="833,1275 855,1275 855,1319 833,1319"/>
            <TextEquiv>
              <Unicode>n</Unicode>
            </TextEquiv>
          </Glyph>
          <Glyph id="c399">
            <Coords points="859,1275 874,1275 874,1319 859,1319"/>
            <TextEquiv>
              <Unicode>t</Unicode>
            </TextEquiv>
          </Glyph>
          <Glyph id="c400">
            <Coords points="876,1275 888,1275 888,1319 876,1319"/>
            <TextEquiv>
              <Unicode>l</Unicode>
            </TextEquiv>
          </Glyph>
          <Glyph id="c401">
            <Coords points="890,1275 911,1275 911,1319 890,1319"/>
            <TextEquiv>
              <Unicode>y</Unicode>
            </TextEquiv>
          </Glyph>
          <TextEquiv>
            <Unicode>Gently</Unicode>
          </TextEquiv>
        </Word>
        <Word id="w163">
          <Coords points="921,1275 991,1275 991,1319 921,1319"/>
          <Glyph id="c402">
            <Coords points="921,1275 941,1275 941,1319 921,1319"/>
            <TextEquiv>
              <Unicode>a</Unicode>
            </TextEquiv>
          </Glyph>
          <Glyph id="c403">
            <Coords points="943,1275 964,1275 964,1319 943,1319"/>
            <TextEquiv>
              <Unicode>n</Unicode>
            </TextEquiv>
          </Glyph>
          <Glyph id="c404">
            <Coords points="969,1275 991,1275 991,1319 969,1319"/>
            <TextEquiv>
              <Unicode>d</Unicode>
            </TextEquiv>
          </Glyph>
          <TextEquiv>
            <Unicode>and</Unicode>
          </TextEquiv>
        </Word>
        <Word id="w164">
          <Coords points="1000,1275 1082,1275 1082,1319 1000,1319"/>
          <Glyph id="c405">
            <Coords points="1000,1275 1013,1275 1013,1319 1000,1319"/>
            <TextEquiv>
              <Unicode>l</Unicode>
            </TextEquiv>
          </Glyph>
          <Glyph id="c406">
            <Coords points="1015,1275 1032,1275 1032,1319 1015,1319"/>
            <TextEquiv>
              <Unicode>o</Unicode>
            </TextEquiv>
          </Glyph>
          <Glyph id="c407">
            <Coords points="1035,1275 1056,1275 1056,1319 1035,1319"/>
            <TextEquiv>
              <Unicode>n</Unicode>
            </TextEquiv>
          </Glyph>
          <Glyph id="c408">
            <Coords points="1060,1275 1082,1275 1082,1319 1060,1319"/>
            <TextEquiv>
              <Unicode>g</Unicode>
            </TextEquiv>
          </Glyph>
          <TextEquiv>
            <Unicode>long</Unicode>
          </TextEquiv>
        </Word>
        <Word id="w165">
          <Coords points="1094,1275 1141,1275 1141,1319 1094,1319"/>
          <Glyph id="c409">
            <Coords points="1094,1275 1122,1275 1122,1319 1094,1319"/>
            <TextEquiv>
              <Unicode>H</Unicode>
            </TextEquiv>
          </Glyph>
          <Glyph id="c410">
            <Coords points="1124,1275 1141,1275 1141,1319 1124,1319"/>
            <TextEquiv>
              <Unicode>e</Unicode>
            </TextEquiv>
          </Glyph>
          <TextEquiv>
            <Unicode>He</Unicode>
          </TextEquiv>
        </Word>
        <Word id="w166">
          <Coords points="1151,1275 1238,1275 1238,1319 1151,1319"/>
          <Glyph id="c411">
            <Coords points="1151,1275 1173,1275 1173,1319 1151,1319"/>
            <TextEquiv>
              <Unicode>h</Unicode>
            </TextEquiv>
          </Glyph>
          <Glyph id="c412">
            <Coords points="1174,1275 1195,1275 1195,1319 1174,1319"/>
            <TextEquiv>
              <Unicode>a</Unicode>
            </TextEquiv>
          </Glyph>
          <Glyph id="c413">
            <Coords points="1198,1275 1213,1275 1213,1319 1198,1319"/>
            <TextEquiv>
              <Unicode>t</Unicode>
            </TextEquiv>
          </Glyph>
          <Glyph id="c414">
            <Coords points="1216,1275 1238,1275 1238,1319 1216,1319"/>
            <TextEquiv>
              <Unicode>h</Unicode>
            </TextEquiv>
          </Glyph>
          <TextEquiv>
            <Unicode>hath</Unicode>
          </TextEquiv>
        </Word>
        <Word id="w167">
          <Coords points="1247,1275 1349,1275 1349,1319 1247,1319"/>
          <Glyph id="c415">
            <Coords points="1247,1275 1268,1275 1268,1319 1247,1319"/>
            <TextEquiv>
              <Unicode>p</Unicode>
            </TextEquiv>
          </Glyph>
          <Glyph id="c416">
            <Coords points="1272,1275 1283,1275 1283,1319 1272,1319"/>
            <TextEquiv>
              <Unicode>l</Unicode>
            </TextEquiv>
          </Glyph>
          <Glyph id="c417">
            <Coords points="1286,1275 1303,1275 1303,1319 1286,1319"/>
            <TextEquiv>
              <Unicode>e</Unicode>
            </TextEquiv>
          </Glyph>
          <Glyph id="c418">
            <Coords points="1306,1275 1325,1275 1325,1319 1306,1319"/>
            <TextEquiv>
              <Unicode>a</Unicode>
            </TextEquiv>
          </Glyph>
          <Glyph id="c419">
            <Coords points="1328,1275 1349,1275 1349,1319 1328,1319"/>
            <TextEquiv>
              <Unicode>d</Unicode>
            </TextEquiv>
          </Glyph>
          <TextEquiv>
            <Unicode>plead</Unicode>
          </TextEquiv>
        </Word>
        <Word id="w168">
          <Coords points="1360,1275 1447,1275 1447,1319 1360,1319"/>
          <Glyph id="c420">
            <Coords points="1360,1275 1390,1275 1390,1319 1360,1319"/>
            <TextEquiv>
              <Unicode>w</Unicode>
            </TextEquiv>
          </Glyph>
          <Glyph id="c421">
            <Coords points="1392,1275 1403,1275 1403,1319 1392,1319"/>
            <TextEquiv>
              <Unicode>i</Unicode>
            </TextEquiv>
          </Glyph>
          <Glyph id="c422">
            <Coords points="1407,1275 1420,1275 1420,1319 1407,1319"/>
            <TextEquiv>
              <Unicode>t</Unicode>
            </TextEquiv>
          </Glyph>
          <Glyph id="c423">
            <Coords points="1426,1275 1447,1275 1447,1319 1426,1319"/>
            <TextEquiv>
              <Unicode>h</Unicode>
            </TextEquiv>
          </Glyph>
          <TextEquiv>
            <Unicode>with</Unicode>
          </TextEquiv>
        </Word>
        <Word id="w169">
          <Coords points="1457,1275 1515,1275 1515,1319 1457,1319"/>
          <Glyph id="c424">
            <Coords points="1457,1275 1489,1275 1489,1319 1457,1319"/>
            <TextEquiv>
              <Unicode>m</Unicode>
            </TextEquiv>
          </Glyph>
          <Glyph id="c425">
            <Coords points="1493,1275 1515,1275 1515,1319 1493,1319"/>
            <TextEquiv>
              <Unicode>y</Unicode>
            </TextEquiv>
          </Glyph>
          <TextEquiv>
            <Unicode>my</Unicode>
          </TextEquiv>
        </Word>
        <Word id="w170">
          <Coords points="1524,1275 1599,1275 1599,1319 1524,1319"/>
          <Glyph id="c426">
            <Coords points="1524,1275 1537,1275 1537,1319 1524,1319"/>
            <TextEquiv>
              <Unicode>s</Unicode>
            </TextEquiv>
          </Glyph>
          <Glyph id="c427">
            <Coords points="1543,1275 1560,1275 1560,1319 1543,1319"/>
            <TextEquiv>
              <Unicode>o</Unicode>
            </TextEquiv>
          </Glyph>
          <Glyph id="c428">
            <Coords points="1562,1275 1583,1275 1583,1319 1562,1319"/>
            <TextEquiv>
              <Unicode>u</Unicode>
            </TextEquiv>
          </Glyph>
          <Glyph id="c429">
            <Coords points="1588,1275 1599,1275 1599,1319 1588,1319"/>
            <TextEquiv>
              <Unicode>l</Unicode>
            </TextEquiv>
          </Glyph>
          <TextEquiv>
            <Unicode>soul</Unicode>
          </TextEquiv>
        </Word>
        <Word id="w171">
          <Coords points="1605,1275 1611,1275 1611,1319 1605,1319"/>
          <Glyph id="c430">
            <Coords points="1605,1275 1611,1275 1611,1319 1605,1319"/>
            <TextEquiv>
              <Unicode>,</Unicode>
            </TextEquiv>
          </Glyph>
          <TextEquiv>
            <Unicode>,</Unicode>
          </TextEquiv>
        </Word>
        <Word id="w172">
          <Coords points="1624,1275 1762,1275 1762,1319 1624,1319"/>
          <Glyph id="c431">
            <Coords points="1624,1275 1645,1275 1645,1319 1624,1319"/>
            <TextEquiv>
              <Unicode>C</Unicode>
            </TextEquiv>
          </Glyph>
          <Glyph id="c432">
            <Coords points="1647,1275 1667,1275 1667,1319 1647,1319"/>
            <TextEquiv>
              <Unicode>a</Unicode>
            </TextEquiv>
          </Glyph>
          <Glyph id="c433">
            <Coords points="1669,1275 1682,1275 1682,1319 1669,1319"/>
            <TextEquiv>
              <Unicode>l</Unicode>
            </TextEquiv>
          </Glyph>
          <Glyph id="c434">
            <Coords points="1684,1275 1697,1275 1697,1319 1684,1319"/>
            <TextEquiv>
              <Unicode>l</Unicode>
            </TextEquiv>
          </Glyph>
          <Glyph id="c435">
            <Coords points="1699,1275 1713,1275 1713,1319 1699,1319"/>
            <TextEquiv>
              <Unicode>i</Unicode>
            </TextEquiv>
          </Glyph>
          <Glyph id="c436">
            <Coords points="1715,1275 1738,1275 1738,1319 1715,1319"/>
            <TextEquiv>
              <Unicode>n</Unicode>
            </TextEquiv>
          </Glyph>
          <Glyph id="c437">
            <Coords points="1741,1275 1762,1275 1762,1319 1741,1319"/>
            <TextEquiv>
              <Unicode>g</Unicode>
            </TextEquiv>
          </Glyph>
          <TextEquiv>
            <Unicode>Calling</Unicode>
          </TextEquiv>
        </Word>
        <Word id="w173">
          <Coords points="1770,1275 1825,1275 1825,1319 1770,1319"/>
          <Glyph id="c438">
            <Coords points="1770,1275 1789,1275 1789,1319 1770,1319"/>
            <TextEquiv>
              <Unicode>f</Unicode>
            </TextEquiv>
          </Glyph>
          <Glyph id="c439">
            <Coords points="1785,1275 1802,1275 1802,1319 1785,1319"/>
            <TextEquiv>
              <Unicode>o</Unicode>
            </TextEquiv>
          </Glyph>
          <Glyph id="c440">
            <Coords points="1806,1275 1825,1275 1825,1319 1806,1319"/>
            <TextEquiv>
              <Unicode>r</Unicode>
            </TextEquiv>
          </Glyph>
          <TextEquiv>
            <Unicode>for</Unicode>
          </TextEquiv>
        </Word>
        <Word id="w174">
          <Coords points="1834,1275 1888,1275 1888,1319 1834,1319"/>
          <Glyph id="c441">
            <Coords points="1834,1275 1865,1275 1865,1319 1834,1319"/>
            <TextEquiv>
              <Unicode>m</Unicode>
            </TextEquiv>
          </Glyph>
          <Glyph id="c442">
            <Coords points="1871,1275 1888,1275 1888,1319 1871,1319"/>
            <TextEquiv>
              <Unicode>e</Unicode>
            </TextEquiv>
          </Glyph>
          <TextEquiv>
            <Unicode>me</Unicode>
          </TextEquiv>
        </Word>
        <Word id="w175">
          <Coords points="1891,1275 1901,1275 1901,1319 1891,1319"/>
          <Glyph id="c443">
            <Coords points="1891,1275 1901,1275 1901,1319 1891,1319"/>
            <TextEquiv>
              <Unicode>,</Unicode>
            </TextEquiv>
          </Glyph>
          <TextEquiv>
            <Unicode>,</Unicode>
          </TextEquiv>
        </Word>
        <Word id="w176">
          <Coords points="1909,1275 1963,1275 1963,1319 1909,1319"/>
          <Glyph id="c444">
            <Coords points="1909,1275 1927,1275 1927,1319 1909,1319"/>
            <TextEquiv>
              <Unicode>f</Unicode>
            </TextEquiv>
          </Glyph>
          <Glyph id="c445">
            <Coords points="1925,1275 1942,1275 1942,1319 1925,1319"/>
            <TextEquiv>
              <Unicode>o</Unicode>
            </TextEquiv>
          </Glyph>
          <Glyph id="c446">
            <Coords points="1943,1275 1963,1275 1963,1319 1943,1319"/>
            <TextEquiv>
              <Unicode>r</Unicode>
            </TextEquiv>
          </Glyph>
          <TextEquiv>
            <Unicode>for</Unicode>
          </TextEquiv>
        </Word>
        <TextEquiv>
          <Unicode/>
        </TextEquiv>
      </TextLine>
      <TextLine id="l19">
        <Coords points="443,1329 1966,1329 1966,1375 443,1375"/>
        <Word id="w177">
          <Coords points="443,1329 517,1329 517,1375 443,1375"/>
          <Glyph id="c447">
            <Coords points="443,1329 474,1329 474,1375 443,1375"/>
            <TextEquiv>
              <Unicode>w</Unicode>
            </TextEquiv>
          </Glyph>
          <Glyph id="c448">
            <Coords points="477,1329 496,1329 496,1375 477,1375"/>
            <TextEquiv>
              <Unicode>e</Unicode>
            </TextEquiv>
          </Glyph>
          <Glyph id="c449">
            <Coords points="495,1329 517,1329 517,1375 495,1375"/>
            <TextEquiv>
              <Unicode>a</Unicode>
            </TextEquiv>
          </Glyph>
          <TextEquiv>
            <Unicode>wea</Unicode>
          </TextEquiv>
        </Word>
        <Word id="w178">
          <Coords points="519,1329 532,1329 532,1375 519,1375"/>
          <Glyph id="c450">
            <Coords points="519,1329 532,1329 532,1375 519,1375"/>
            <TextEquiv>
              <Unicode>-</Unicode>
            </TextEquiv>
          </Glyph>
          <TextEquiv>
            <Unicode>-</Unicode>
          </TextEquiv>
        </Word>
        <Word id="w179">
          <Coords points="535,1329 580,1329 580,1375 535,1375"/>
          <Glyph id="c451">
            <Coords points="535,1329 554,1329 554,1375 535,1375"/>
            <TextEquiv>
              <Unicode>r</Unicode>
            </TextEquiv>
          </Glyph>
          <Glyph id="c452">
            <Coords points="556,1329 580,1329 580,1375 556,1375"/>
            <TextEquiv>
              <Unicode>y</Unicode>
            </TextEquiv>
          </Glyph>
          <TextEquiv>
            <Unicode>ry</Unicode>
          </TextEquiv>
        </Word>
        <Word id="w180">
          <Coords points="593,1329 696,1329 696,1375 593,1375"/>
          <Glyph id="c453">
            <Coords points="593,1329 617,1329 617,1375 593,1375"/>
            <TextEquiv>
              <Unicode>y</Unicode>
            </TextEquiv>
          </Glyph>
          <Glyph id="c454">
            <Coords points="617,1329 637,1329 637,1375 617,1375"/>
            <TextEquiv>
              <Unicode>e</Unicode>
            </TextEquiv>
          </Glyph>
          <Glyph id="c455">
            <Coords points="639,1329 662,1329 662,1375 639,1375"/>
            <TextEquiv>
              <Unicode>a</Unicode>
            </TextEquiv>
          </Glyph>
          <Glyph id="c456">
            <Coords points="662,1329 681,1329 681,1375 662,1375"/>
            <TextEquiv>
              <Unicode>r</Unicode>
            </TextEquiv>
          </Glyph>
          <Glyph id="c457">
            <Coords points="681,1329 696,1329 696,1375 681,1375"/>
            <TextEquiv>
              <Unicode>s</Unicode>
            </TextEquiv>
          </Glyph>
          <TextEquiv>
            <Unicode>years</Unicode>
          </TextEquiv>
        </Word>
        <Word id="w181">
          <Coords points="714,1329 764,1329 764,1375 714,1375"/>
          <Glyph id="c458">
            <Coords points="714,1329 733,1329 733,1375 714,1375"/>
            <TextEquiv>
              <Unicode>f</Unicode>
            </TextEquiv>
          </Glyph>
          <Glyph id="c459">
            <Coords points="719,1329 739,1329 739,1375 719,1375"/>
            <TextEquiv>
              <Unicode>l</Unicode>
            </TextEquiv>
          </Glyph>
          <Glyph id="c460">
            <Coords points="739,1329 764,1329 764,1375 739,1375"/>
            <TextEquiv>
              <Unicode>y</Unicode>
            </TextEquiv>
          </Glyph>
          <TextEquiv>
            <Unicode>fly</Unicode>
          </TextEquiv>
        </Word>
        <Word id="w182">
          <Coords points="770,1329 781,1329 781,1375 770,1375"/>
          <Glyph id="c461">
            <Coords points="770,1329 781,1329 781,1375 770,1375"/>
            <TextEquiv>
              <Unicode>;</Unicode>
            </TextEquiv>
          </Glyph>
          <TextEquiv>
            <Unicode>;</Unicode>
          </TextEquiv>
        </Word>
        <Word id="w183">
          <Coords points="797,1329 845,1329 845,1375 797,1375"/>
          <Glyph id="c462">
            <Coords points="797,1329 818,1329 818,1375 797,1375"/>
            <TextEquiv>
              <Unicode>O</Unicode>
            </TextEquiv>
          </Glyph>
          <Glyph id="c463">
            <Coords points="823,1329 845,1329 845,1375 823,1375"/>
            <TextEquiv>
              <Unicode>h</Unicode>
            </TextEquiv>
          </Glyph>
          <TextEquiv>
            <Unicode>Oh</Unicode>
          </TextEquiv>
        </Word>
        <Word id="w184">
          <Coords points="855,1329 864,1329 864,1375 855,1375"/>
          <Glyph id="c464">
            <Coords points="855,1329 864,1329 864,1375 855,1375"/>
            <TextEquiv>
              <Unicode>!</Unicode>
            </TextEquiv>
          </Glyph>
          <TextEquiv>
            <Unicode>!</Unicode>
          </TextEquiv>
        </Word>
        <Word id="w185">
          <Coords points="888,1329 904,1329 904,1375 888,1375"/>
          <Glyph id="c465">
            <Coords points="888,1329 904,1329 904,1375 888,1375"/>
            <TextEquiv>
              <Unicode>I</Unicode>
            </TextEquiv>
          </Glyph>
          <TextEquiv>
            <Unicode>I</Unicode>
          </TextEquiv>
        </Word>
        <Word id="w186">
          <Coords points="921,1329 1012,1329 1012,1375 921,1375"/>
          <Glyph id="c466">
            <Coords points="921,1329 934,1329 934,1375 921,1375"/>
            <TextEquiv>
              <Unicode>s</Unicode>
            </TextEquiv>
          </Glyph>
          <Glyph id="c467">
            <Coords points="939,1329 961,1329 961,1375 939,1375"/>
            <TextEquiv>
              <Unicode>h</Unicode>
            </TextEquiv>
          </Glyph>
          <Glyph id="c468">
            <Coords points="963,1329 984,1329 984,1375 963,1375"/>
            <TextEquiv>
              <Unicode>a</Unicode>
            </TextEquiv>
          </Glyph>
          <Glyph id="c469">
            <Coords points="986,1329 998,1329 998,1375 986,1375"/>
            <TextEquiv>
              <Unicode>l</Unicode>
            </TextEquiv>
          </Glyph>
          <Glyph id="c470">
            <Coords points="1000,1329 1012,1329 1012,1375 1000,1375"/>
            <TextEquiv>
              <Unicode>l</Unicode>
            </TextEquiv>
          </Glyph>
          <TextEquiv>
            <Unicode>shall</Unicode>
          </TextEquiv>
        </Word>
        <Word id="w187">
          <Coords points="1030,1329 1085,1329 1085,1375 1030,1375"/>
          <Glyph id="c471">
            <Coords points="1030,1329 1042,1329 1042,1375 1030,1375"/>
            <TextEquiv>
              <Unicode>s</Unicode>
            </TextEquiv>
          </Glyph>
          <Glyph id="c472">
            <Coords points="1047,1329 1063,1329 1063,1375 1047,1375"/>
            <TextEquiv>
              <Unicode>e</Unicode>
            </TextEquiv>
          </Glyph>
          <Glyph id="c473">
            <Coords points="1068,1329 1085,1329 1085,1375 1068,1375"/>
            <TextEquiv>
              <Unicode>e</Unicode>
            </TextEquiv>
          </Glyph>
          <TextEquiv>
            <Unicode>see</Unicode>
          </TextEquiv>
        </Word>
        <Word id="w188">
          <Coords points="1103,1329 1181,1329 1181,1375 1103,1375"/>
          <Glyph id="c474">
            <Coords points="1103,1329 1131,1329 1131,1375 1103,1375"/>
            <TextEquiv>
              <Unicode>H</Unicode>
            </TextEquiv>
          </Glyph>
          <Glyph id="c475">
            <Coords points="1133,1329 1145,1329 1145,1375 1133,1375"/>
            <TextEquiv>
              <Unicode>i</Unicode>
            </TextEquiv>
          </Glyph>
          <Glyph id="c476">
            <Coords points="1149,1329 1181,1329 1181,1375 1149,1375"/>
            <TextEquiv>
              <Unicode>m</Unicode>
            </TextEquiv>
          </Glyph>
          <TextEquiv>
            <Unicode>Him</Unicode>
          </TextEquiv>
        </Word>
        <Word id="w189">
          <Coords points="1201,1329 1411,1329 1411,1375 1201,1375"/>
          <Glyph id="c477">
            <Coords points="1201,1329 1219,1329 1219,1375 1201,1375"/>
            <TextEquiv>
              <Unicode>d</Unicode>
            </TextEquiv>
          </Glyph>
          <Glyph id="c478">
            <Coords points="1224,1329 1242,1329 1242,1375 1224,1375"/>
            <TextEquiv>
              <Unicode>e</Unicode>
            </TextEquiv>
          </Glyph>
          <Glyph id="c479">
            <Coords points="1243,1329 1258,1329 1258,1375 1243,1375"/>
            <TextEquiv>
              <Unicode>s</Unicode>
            </TextEquiv>
          </Glyph>
          <Glyph id="c480">
            <Coords points="1262,1329 1279,1329 1279,1375 1262,1375"/>
            <TextEquiv>
              <Unicode>c</Unicode>
            </TextEquiv>
          </Glyph>
          <Glyph id="c481">
            <Coords points="1280,1329 1299,1329 1299,1375 1280,1375"/>
            <TextEquiv>
              <Unicode>e</Unicode>
            </TextEquiv>
          </Glyph>
          <Glyph id="c482">
            <Coords points="1300,1329 1323,1329 1323,1375 1300,1375"/>
            <TextEquiv>
              <Unicode>n</Unicode>
            </TextEquiv>
          </Glyph>
          <Glyph id="c483">
            <Coords points="1327,1329 1348,1329 1348,1375 1327,1375"/>
            <TextEquiv>
              <Unicode>d</Unicode>
            </TextEquiv>
          </Glyph>
          <Glyph id="c484">
            <Coords points="1349,1329 1362,1329 1362,1375 1349,1375"/>
            <TextEquiv>
              <Unicode>i</Unicode>
            </TextEquiv>
          </Glyph>
          <Glyph id="c485">
            <Coords points="1364,1329 1387,1329 1387,1375 1364,1375"/>
            <TextEquiv>
              <Unicode>n</Unicode>
            </TextEquiv>
          </Glyph>
          <Glyph id="c486">
            <Coords points="1391,1329 1411,1329 1411,1375 1391,1375"/>
            <TextEquiv>
              <Unicode>g</Unicode>
            </TextEquiv>
          </Glyph>
          <TextEquiv>
            <Unicode>descending</Unicode>
          </TextEquiv>
        </Word>
        <Word id="w190">
          <Coords points="1427,1329 1489,1329 1489,1375 1427,1375"/>
          <Glyph id="c487">
            <Coords points="1427,1329 1442,1329 1442,1375 1427,1375"/>
            <TextEquiv>
              <Unicode>t</Unicode>
            </TextEquiv>
          </Glyph>
          <Glyph id="c488">
            <Coords points="1445,1329 1467,1329 1467,1375 1445,1375"/>
            <TextEquiv>
              <Unicode>h</Unicode>
            </TextEquiv>
          </Glyph>
          <Glyph id="c489">
            <Coords points="1472,1329 1489,1329 1489,1375 1472,1375"/>
            <TextEquiv>
              <Unicode>e</Unicode>
            </TextEquiv>
          </Glyph>
          <TextEquiv>
            <Unicode>the</Unicode>
          </TextEquiv>
        </Word>
        <Word id="w191">
          <Coords points="1506,1329 1571,1329 1571,1375 1506,1375"/>
          <Glyph id="c490">
            <Coords points="1506,1329 1521,1329 1521,1375 1506,1375"/>
            <TextEquiv>
              <Unicode>s</Unicode>
            </TextEquiv>
          </Glyph>
          <Glyph id="c491">
            <Coords points="1524,1329 1547,1329 1547,1375 1524,1375"/>
            <TextEquiv>
              <Unicode>k</Unicode>
            </TextEquiv>
          </Glyph>
          <Glyph id="c492">
            <Coords points="1549,1329 1571,1329 1571,1375 1549,1375"/>
            <TextEquiv>
              <Unicode>y</Unicode>
            </TextEquiv>
          </Glyph>
          <TextEquiv>
            <Unicode>sky</Unicode>
          </TextEquiv>
        </Word>
        <Word id="w192">
          <Coords points="1575,1329 1582,1329 1582,1375 1575,1375"/>
          <Glyph id="c493">
            <Coords points="1575,1329 1582,1329 1582,1375 1575,1375"/>
            <TextEquiv>
              <Unicode>,</Unicode>
            </TextEquiv>
          </Glyph>
          <TextEquiv>
            <Unicode>,</Unicode>
          </TextEquiv>
        </Word>
        <Word id="w193">
          <Coords points="1603,1329 1748,1329 1748,1375 1603,1375"/>
          <Glyph id="c494">
            <Coords points="1603,1329 1625,1329 1625,1375 1603,1375"/>
            <TextEquiv>
              <Unicode>C</Unicode>
            </TextEquiv>
          </Glyph>
          <Glyph id="c495">
            <Coords points="1629,1329 1646,1329 1646,1375 1629,1375"/>
            <TextEquiv>
              <Unicode>o</Unicode>
            </TextEquiv>
          </Glyph>
          <Glyph id="c496">
            <Coords points="1648,1329 1681,1329 1681,1375 1648,1375"/>
            <TextEquiv>
              <Unicode>m</Unicode>
            </TextEquiv>
          </Glyph>
          <Glyph id="c497">
            <Coords points="1685,1329 1699,1329 1699,1375 1685,1375"/>
            <TextEquiv>
              <Unicode>i</Unicode>
            </TextEquiv>
          </Glyph>
          <Glyph id="c498">
            <Coords points="1700,1329 1723,1329 1723,1375 1700,1375"/>
            <TextEquiv>
              <Unicode>n</Unicode>
            </TextEquiv>
          </Glyph>
          <Glyph id="c499">
            <Coords points="1727,1329 1748,1329 1748,1375 1727,1375"/>
            <TextEquiv>
              <Unicode>g</Unicode>
            </TextEquiv>
          </Glyph>
          <TextEquiv>
            <Unicode>Coming</Unicode>
          </TextEquiv>
        </Word>
        <Word id="w194">
          <Coords points="1765,1329 1819,1329 1819,1375 1765,1375"/>
          <Glyph id="c500">
            <Coords points="1765,1329 1783,1329 1783,1375 1765,1375"/>
            <TextEquiv>
              <Unicode>f</Unicode>
            </TextEquiv>
          </Glyph>
          <Glyph id="c501">
            <Coords points="1780,1329 1796,1329 1796,1375 1780,1375"/>
            <TextEquiv>
              <Unicode>o</Unicode>
            </TextEquiv>
          </Glyph>
          <Glyph id="c502">
            <Coords points="1801,1329 1819,1329 1819,1375 1801,1375"/>
            <TextEquiv>
              <Unicode>r</Unicode>
            </TextEquiv>
          </Glyph>
          <TextEquiv>
            <Unicode>for</Unicode>
          </TextEquiv>
        </Word>
        <Word id="w195">
          <Coords points="1832,1329 1888,1329 1888,1375 1832,1375"/>
          <Glyph id="c503">
            <Coords points="1832,1329 1867,1329 1867,1375 1832,1375"/>
            <TextEquiv>
              <Unicode>m</Unicode>
            </TextEquiv>
          </Glyph>
          <Glyph id="c504">
            <Coords points="1867,1329 1888,1329 1888,1375 1867,1375"/>
            <TextEquiv>
              <Unicode>e</Unicode>
            </TextEquiv>
          </Glyph>
          <TextEquiv>
            <Unicode>me</Unicode>
          </TextEquiv>
        </Word>
        <Word id="w196">
          <Coords points="1890,1329 1899,1329 1899,1375 1890,1375"/>
          <Glyph id="c505">
            <Coords points="1890,1329 1899,1329 1899,1375 1890,1375"/>
            <TextEquiv>
              <Unicode>,</Unicode>
            </TextEquiv>
          </Glyph>
          <TextEquiv>
            <Unicode>,</Unicode>
          </TextEquiv>
        </Word>
        <Word id="w197">
          <Coords points="1909,1329 1966,1329 1966,1375 1909,1375"/>
          <Glyph id="c506">
            <Coords points="1909,1329 1929,1329 1929,1375 1909,1375"/>
            <TextEquiv>
              <Unicode>f</Unicode>
            </TextEquiv>
          </Glyph>
          <Glyph id="c507">
            <Coords points="1924,1329 1943,1329 1943,1375 1924,1375"/>
            <TextEquiv>
              <Unicode>o</Unicode>
            </TextEquiv>
          </Glyph>
          <Glyph id="c508">
            <Coords points="1945,1329 1966,1329 1966,1375 1945,1375"/>
            <TextEquiv>
              <Unicode>r</Unicode>
            </TextEquiv>
          </Glyph>
          <TextEquiv>
            <Unicode>for</Unicode>
          </TextEquiv>
        </Word>
        <TextEquiv>
          <Unicode/>
        </TextEquiv>
      </TextLine>
      <TextEquiv>
        <Unicode/>
      </TextEquiv>
    </TextRegion>
    <TextRegion id="r13">
      <Coords points="582,1744 628,1735 642,1803 596,1813"/>
      <TextLine id="l20">
        <Coords points="582,1735 642,1735 642,1813 582,1813"/>
        <Word id="w198">
          <Coords points="582,1744 628,1735 642,1803 596,1813"/>
          <Glyph id="c509">
            <Coords points="582,1744 628,1735 642,1803 596,1813"/>
            <TextEquiv>
              <Unicode>B</Unicode>
            </TextEquiv>
          </Glyph>
          <TextEquiv>
            <Unicode>B</Unicode>
          </TextEquiv>
        </Word>
        <TextEquiv>
          <Unicode/>
        </TextEquiv>
      </TextLine>
      <TextEquiv>
        <Unicode/>
      </TextEquiv>
    </TextRegion>
    <TextRegion id="r14">
      <Coords points="942,249 1407,242 1408,305 943,312"/>
      <TextLine id="l21">
        <Coords points="942,242 1408,242 1408,312 942,312"/>
        <Word id="w199">
          <Coords points="942,249 1163,246 1164,309 943,312"/>
          <Glyph id="c510">
            <Coords points="942,250 972,250 973,312 943,312"/>
            <TextEquiv>
              <Unicode>S</Unicode>
            </TextEquiv>
          </Glyph>
          <Glyph id="c511">
            <Coords points="977,249 1003,249 1004,311 978,311"/>
            <TextEquiv>
              <Unicode>e</Unicode>
            </TextEquiv>
          </Glyph>
          <Glyph id="c512">
            <Coords points="1004,249 1033,249 1034,311 1005,311"/>
            <TextEquiv>
              <Unicode>e</Unicode>
            </TextEquiv>
          </Glyph>
          <Glyph id="c513">
            <Coords points="1032,248 1069,247 1070,309 1033,310"/>
            <TextEquiv>
              <Unicode>k</Unicode>
            </TextEquiv>
          </Glyph>
          <Glyph id="c514">
            <Coords points="1070,247 1092,247 1093,309 1071,309"/>
            <TextEquiv>
              <Unicode>i</Unicode>
            </TextEquiv>
          </Glyph>
          <Glyph id="c515">
            <Coords points="1093,247 1126,246 1127,308 1094,309"/>
            <TextEquiv>
              <Unicode>n</Unicode>
            </TextEquiv>
          </Glyph>
          <Glyph id="c516">
            <Coords points="1127,247 1163,246 1164,308 1128,309"/>
            <TextEquiv>
              <Unicode>g</Unicode>
            </TextEquiv>
          </Glyph>
          <TextEquiv>
            <Unicode>Seeking</Unicode>
          </TextEquiv>
        </Word>
        <Word id="w200">
          <Coords points="1198,245 1279,244 1280,307 1199,308"/>
          <Glyph id="c517">
            <Coords points="1198,245 1226,245 1227,307 1199,307"/>
            <TextEquiv>
              <Unicode>f</Unicode>
            </TextEquiv>
          </Glyph>
          <Glyph id="c518">
            <Coords points="1219,245 1247,245 1248,307 1220,307"/>
            <TextEquiv>
              <Unicode>o</Unicode>
            </TextEquiv>
          </Glyph>
          <Glyph id="c519">
            <Coords points="1251,245 1279,245 1280,307 1252,307"/>
            <TextEquiv>
              <Unicode>r</Unicode>
            </TextEquiv>
          </Glyph>
          <TextEquiv>
            <Unicode>for</Unicode>
          </TextEquiv>
        </Word>
        <Word id="w201">
          <Coords points="1315,244 1391,243 1392,305 1316,306"/>
          <Glyph id="c520">
            <Coords points="1315,244 1364,243 1365,305 1316,306"/>
            <TextEquiv>
              <Unicode>M</Unicode>
            </TextEquiv>
          </Glyph>
          <Glyph id="c521">
            <Coords points="1364,243 1391,243 1392,305 1365,305"/>
            <TextEquiv>
              <Unicode>e</Unicode>
            </TextEquiv>
          </Glyph>
          <TextEquiv>
            <Unicode>Me</Unicode>
          </TextEquiv>
        </Word>
        <Word id="w202">
          <Coords points="1396,242 1407,242 1408,304 1397,304"/>
          <Glyph id="c522">
            <Coords points="1396,242 1407,242 1408,304 1397,304"/>
            <TextEquiv>
              <Unicode>.</Unicode>
            </TextEquiv>
          </Glyph>
          <TextEquiv>
            <Unicode>.</Unicode>
          </TextEquiv>
        </Word>
        <TextEquiv>
          <Unicode/>
        </TextEquiv>
      </TextLine>
      <TextEquiv>
        <Unicode/>
      </TextEquiv>
    </TextRegion>
    <TextRegion id="r15">
      <Coords points="511,1860 579,1860 579,1904 511,1904"/>
      <TextLine id="l22">
        <Coords points="511,1860 579,1860 579,1904 511,1904"/>
        <Word id="w203">
          <Coords points="511,1860 566,1860 566,1904 511,1904"/>
          <Glyph id="c523">
            <Coords points="511,1860 544,1860 544,1904 511,1904"/>
            <TextEquiv>
              <Unicode>m</Unicode>
            </TextEquiv>
          </Glyph>
          <Glyph id="c524">
            <Coords points="547,1860 566,1860 566,1904 547,1904"/>
            <TextEquiv>
              <Unicode>e</Unicode>
            </TextEquiv>
          </Glyph>
          <TextEquiv>
            <Unicode>me</Unicode>
          </TextEquiv>
        </Word>
        <Word id="w204">
          <Coords points="570,1860 579,1860 579,1904 570,1904"/>
          <Glyph id="c525">
            <Coords points="570,1860 579,1860 579,1904 570,1904"/>
            <TextEquiv>
              <Unicode>,</Unicode>
            </TextEquiv>
          </Glyph>
          <TextEquiv>
            <Unicode>,</Unicode>
          </TextEquiv>
        </Word>
        <TextEquiv>
          <Unicode/>
        </TextEquiv>
      </TextLine>
      <TextEquiv>
        <Unicode/>
      </TextEquiv>
    </TextRegion>
    <TextRegion id="r16">
      <Coords points="510,1860 925,1860 925,2070 510,2070"/>
      <TextLine id="l23">
        <Coords points="626,1860 925,1860 925,1904 626,1904"/>
        <Word id="w205">
          <Coords points="626,1860 777,1860 777,1904 626,1904"/>
          <Glyph id="c526">
            <Coords points="626,1860 646,1860 646,1904 626,1904"/>
            <TextEquiv>
              <Unicode>S</Unicode>
            </TextEquiv>
          </Glyph>
          <Glyph id="c527">
            <Coords points="648,1860 667,1860 667,1904 648,1904"/>
            <TextEquiv>
              <Unicode>e</Unicode>
            </TextEquiv>
          </Glyph>
          <Glyph id="c528">
            <Coords points="668,1860 688,1860 688,1904 668,1904"/>
            <TextEquiv>
              <Unicode>e</Unicode>
            </TextEquiv>
          </Glyph>
          <Glyph id="c529">
            <Coords points="689,1860 714,1860 714,1904 689,1904"/>
            <TextEquiv>
              <Unicode>k</Unicode>
            </TextEquiv>
          </Glyph>
          <Glyph id="c530">
            <Coords points="712,1860 728,1860 728,1904 712,1904"/>
            <TextEquiv>
              <Unicode>i</Unicode>
            </TextEquiv>
          </Glyph>
          <Glyph id="c531">
            <Coords points="729,1860 753,1860 753,1904 729,1904"/>
            <TextEquiv>
              <Unicode>n</Unicode>
            </TextEquiv>
          </Glyph>
          <Glyph id="c532">
            <Coords points="755,1860 777,1860 777,1904 755,1904"/>
            <TextEquiv>
              <Unicode>g</Unicode>
            </TextEquiv>
          </Glyph>
          <TextEquiv>
            <Unicode>Seeking</Unicode>
          </TextEquiv>
        </Word>
        <Word id="w206">
          <Coords points="789,1860 844,1860 844,1904 789,1904"/>
          <Glyph id="c533">
            <Coords points="789,1860 807,1860 807,1904 789,1904"/>
            <TextEquiv>
              <Unicode>f</Unicode>
            </TextEquiv>
          </Glyph>
          <Glyph id="c534">
            <Coords points="805,1860 823,1860 823,1904 805,1904"/>
            <TextEquiv>
              <Unicode>o</Unicode>
            </TextEquiv>
          </Glyph>
          <Glyph id="c535">
            <Coords points="827,1860 844,1860 844,1904 827,1904"/>
            <TextEquiv>
              <Unicode>r</Unicode>
            </TextEquiv>
          </Glyph>
          <TextEquiv>
            <Unicode>for</Unicode>
          </TextEquiv>
        </Word>
        <Word id="w207">
          <Coords points="859,1860 913,1860 913,1904 859,1904"/>
          <Glyph id="c536">
            <Coords points="859,1860 891,1860 891,1904 859,1904"/>
            <TextEquiv>
              <Unicode>m</Unicode>
            </TextEquiv>
          </Glyph>
          <Glyph id="c537">
            <Coords points="896,1860 913,1860 913,1904 896,1904"/>
            <TextEquiv>
              <Unicode>e</Unicode>
            </TextEquiv>
          </Glyph>
          <TextEquiv>
            <Unicode>me</Unicode>
          </TextEquiv>
        </Word>
        <Word id="w208">
          <Coords points="919,1860 925,1860 925,1904 919,1904"/>
          <Glyph id="c538">
            <Coords points="919,1860 925,1860 925,1904 919,1904"/>
            <TextEquiv>
              <Unicode>,</Unicode>
            </TextEquiv>
          </Glyph>
          <TextEquiv>
            <Unicode>,</Unicode>
          </TextEquiv>
        </Word>
        <TextEquiv>
          <Unicode/>
        </TextEquiv>
      </TextLine>
      <TextLine id="l24">
        <Coords points="512,1914 922,1914 922,1961 512,1961"/>
        <Word id="w209">
          <Coords points="512,1914 567,1914 567,1961 512,1961"/>
          <Glyph id="c539">
            <Coords points="512,1914 544,1914 544,1961 512,1961"/>
            <TextEquiv>
              <Unicode>m</Unicode>
            </TextEquiv>
          </Glyph>
          <Glyph id="c540">
            <Coords points="549,1914 567,1914 567,1961 549,1961"/>
            <TextEquiv>
              <Unicode>e</Unicode>
            </TextEquiv>
          </Glyph>
          <TextEquiv>
            <Unicode>me</Unicode>
          </TextEquiv>
        </Word>
        <Word id="w210">
          <Coords points="572,1914 580,1914 580,1961 572,1961"/>
          <Glyph id="c541">
            <Coords points="572,1914 580,1914 580,1961 572,1961"/>
            <TextEquiv>
              <Unicode>,</Unicode>
            </TextEquiv>
          </Glyph>
          <TextEquiv>
            <Unicode>,</Unicode>
          </TextEquiv>
        </Word>
        <Word id="w211">
          <Coords points="625,1914 678,1914 678,1961 625,1961"/>
          <Glyph id="c542">
            <Coords points="625,1914 652,1914 652,1961 625,1961"/>
            <TextEquiv>
              <Unicode>D</Unicode>
            </TextEquiv>
          </Glyph>
          <Glyph id="c543">
            <Coords points="654,1914 678,1914 678,1961 654,1961"/>
            <TextEquiv>
              <Unicode>y</Unicode>
            </TextEquiv>
          </Glyph>
          <TextEquiv>
            <Unicode>Dy</Unicode>
          </TextEquiv>
        </Word>
        <Word id="w212">
          <Coords points="688,1914 702,1914 702,1961 688,1961"/>
          <Glyph id="c544">
            <Coords points="688,1914 702,1914 702,1961 688,1961"/>
            <TextEquiv>
              <Unicode>-</Unicode>
            </TextEquiv>
          </Glyph>
          <TextEquiv>
            <Unicode>-</Unicode>
          </TextEquiv>
        </Word>
        <Word id="w213">
          <Coords points="713,1914 775,1914 775,1961 713,1961"/>
          <Glyph id="c545">
            <Coords points="713,1914 725,1914 725,1961 713,1961"/>
            <TextEquiv>
              <Unicode>i</Unicode>
            </TextEquiv>
          </Glyph>
          <Glyph id="c546">
            <Coords points="728,1914 750,1914 750,1961 728,1961"/>
            <TextEquiv>
              <Unicode>n</Unicode>
            </TextEquiv>
          </Glyph>
          <Glyph id="c547">
            <Coords points="753,1914 775,1914 775,1961 753,1961"/>
            <TextEquiv>
              <Unicode>g</Unicode>
            </TextEquiv>
          </Glyph>
          <TextEquiv>
            <Unicode>ing</Unicode>
          </TextEquiv>
        </Word>
        <Word id="w214">
          <Coords points="789,1914 843,1914 843,1961 789,1961"/>
          <Glyph id="c548">
            <Coords points="789,1914 807,1914 807,1961 789,1961"/>
            <TextEquiv>
              <Unicode>f</Unicode>
            </TextEquiv>
          </Glyph>
          <Glyph id="c549">
            <Coords points="805,1914 822,1914 822,1961 805,1961"/>
            <TextEquiv>
              <Unicode>o</Unicode>
            </TextEquiv>
          </Glyph>
          <Glyph id="c550">
            <Coords points="825,1914 843,1914 843,1961 825,1961"/>
            <TextEquiv>
              <Unicode>r</Unicode>
            </TextEquiv>
          </Glyph>
          <TextEquiv>
            <Unicode>for</Unicode>
          </TextEquiv>
        </Word>
        <Word id="w215">
          <Coords points="857,1914 910,1914 910,1961 857,1961"/>
          <Glyph id="c551">
            <Coords points="857,1914 890,1914 890,1961 857,1961"/>
            <TextEquiv>
              <Unicode>m</Unicode>
            </TextEquiv>
          </Glyph>
          <Glyph id="c552">
            <Coords points="893,1914 910,1914 910,1961 893,1961"/>
            <TextEquiv>
              <Unicode>e</Unicode>
            </TextEquiv>
          </Glyph>
          <TextEquiv>
            <Unicode>me</Unicode>
          </TextEquiv>
        </Word>
        <Word id="w216">
          <Coords points="916,1914 922,1914 922,1961 916,1961"/>
          <Glyph id="c553">
            <Coords points="916,1914 922,1914 922,1961 916,1961"/>
            <TextEquiv>
              <Unicode>,</Unicode>
            </TextEquiv>
          </Glyph>
          <TextEquiv>
            <Unicode>,</Unicode>
          </TextEquiv>
        </Word>
        <TextEquiv>
          <Unicode/>
        </TextEquiv>
      </TextLine>
      <TextLine id="l25">
        <Coords points="510,1968 920,1968 920,2014 510,2014"/>
        <Word id="w217">
          <Coords points="510,1968 566,1968 566,2014 510,2014"/>
          <Glyph id="c554">
            <Coords points="510,1968 544,1968 544,2014 510,2014"/>
            <TextEquiv>
              <Unicode>m</Unicode>
            </TextEquiv>
          </Glyph>
          <Glyph id="c555">
            <Coords points="548,1968 566,1968 566,2014 548,2014"/>
            <TextEquiv>
              <Unicode>e</Unicode>
            </TextEquiv>
          </Glyph>
          <TextEquiv>
            <Unicode>me</Unicode>
          </TextEquiv>
        </Word>
        <Word id="w218">
          <Coords points="571,1968 579,1968 579,2014 571,2014"/>
          <Glyph id="c556">
            <Coords points="571,1968 579,1968 579,2014 571,2014"/>
            <TextEquiv>
              <Unicode>,</Unicode>
            </TextEquiv>
          </Glyph>
          <TextEquiv>
            <Unicode>,</Unicode>
          </TextEquiv>
        </Word>
        <Word id="w219">
          <Coords points="624,1968 765,1968 765,2014 624,2014"/>
          <Glyph id="c557">
            <Coords points="624,1968 647,1968 647,2014 624,2014"/>
            <TextEquiv>
              <Unicode>C</Unicode>
            </TextEquiv>
          </Glyph>
          <Glyph id="c558">
            <Coords points="649,1968 671,1968 671,2014 649,2014"/>
            <TextEquiv>
              <Unicode>a</Unicode>
            </TextEquiv>
          </Glyph>
          <Glyph id="c559">
            <Coords points="672,1968 687,1968 687,2014 672,2014"/>
            <TextEquiv>
              <Unicode>l</Unicode>
            </TextEquiv>
          </Glyph>
          <Glyph id="c560">
            <Coords points="686,1968 702,1968 702,2014 686,2014"/>
            <TextEquiv>
              <Unicode>l</Unicode>
            </TextEquiv>
          </Glyph>
          <Glyph id="c561">
            <Coords points="699,1968 715,1968 715,2014 699,2014"/>
            <TextEquiv>
              <Unicode>i</Unicode>
            </TextEquiv>
          </Glyph>
          <Glyph id="c562">
            <Coords points="716,1968 740,1968 740,2014 716,2014"/>
            <TextEquiv>
              <Unicode>n</Unicode>
            </TextEquiv>
          </Glyph>
          <Glyph id="c563">
            <Coords points="743,1968 765,1968 765,2014 743,2014"/>
            <TextEquiv>
              <Unicode>g</Unicode>
            </TextEquiv>
          </Glyph>
          <TextEquiv>
            <Unicode>Calling</Unicode>
          </TextEquiv>
        </Word>
        <Word id="w220">
          <Coords points="784,1968 841,1968 841,2014 784,2014"/>
          <Glyph id="c564">
            <Coords points="784,1968 803,1968 803,2014 784,2014"/>
            <TextEquiv>
              <Unicode>f</Unicode>
            </TextEquiv>
          </Glyph>
          <Glyph id="c565">
            <Coords points="801,1968 819,1968 819,2014 801,2014"/>
            <TextEquiv>
              <Unicode>o</Unicode>
            </TextEquiv>
          </Glyph>
          <Glyph id="c566">
            <Coords points="822,1968 841,1968 841,2014 822,2014"/>
            <TextEquiv>
              <Unicode>r</Unicode>
            </TextEquiv>
          </Glyph>
          <TextEquiv>
            <Unicode>for</Unicode>
          </TextEquiv>
        </Word>
        <Word id="w221">
          <Coords points="854,1968 907,1968 907,2014 854,2014"/>
          <Glyph id="c567">
            <Coords points="854,1968 886,1968 886,2014 854,2014"/>
            <TextEquiv>
              <Unicode>m</Unicode>
            </TextEquiv>
          </Glyph>
          <Glyph id="c568">
            <Coords points="891,1968 907,1968 907,2014 891,2014"/>
            <TextEquiv>
              <Unicode>e</Unicode>
            </TextEquiv>
          </Glyph>
          <TextEquiv>
            <Unicode>me</Unicode>
          </TextEquiv>
        </Word>
        <Word id="w222">
          <Coords points="914,1968 920,1968 920,2014 914,2014"/>
          <Glyph id="c569">
            <Coords points="914,1968 920,1968 920,2014 914,2014"/>
            <TextEquiv>
              <Unicode>,</Unicode>
            </TextEquiv>
          </Glyph>
          <TextEquiv>
            <Unicode>,</Unicode>
          </TextEquiv>
        </Word>
        <TextEquiv>
          <Unicode/>
        </TextEquiv>
      </TextLine>
      <TextLine id="l26">
        <Coords points="511,2023 918,2023 918,2070 511,2070"/>
        <Word id="w223">
          <Coords points="511,2023 567,2023 567,2070 511,2070"/>
          <Glyph id="c570">
            <Coords points="511,2023 544,2023 544,2070 511,2070"/>
            <TextEquiv>
              <Unicode>m</Unicode>
            </TextEquiv>
          </Glyph>
          <Glyph id="c571">
            <Coords points="548,2023 567,2023 567,2070 548,2070"/>
            <TextEquiv>
              <Unicode>e</Unicode>
            </TextEquiv>
          </Glyph>
          <TextEquiv>
            <Unicode>me</Unicode>
          </TextEquiv>
        </Word>
        <Word id="w224">
          <Coords points="570,2023 577,2023 577,2070 570,2070"/>
          <Glyph id="c572">
            <Coords points="570,2023 577,2023 577,2070 570,2070"/>
            <TextEquiv>
              <Unicode>,</Unicode>
            </TextEquiv>
          </Glyph>
          <TextEquiv>
            <Unicode>,</Unicode>
          </TextEquiv>
        </Word>
        <Word id="w225">
          <Coords points="625,2023 771,2023 771,2070 625,2070"/>
          <Glyph id="c573">
            <Coords points="625,2023 648,2023 648,2070 625,2070"/>
            <TextEquiv>
              <Unicode>C</Unicode>
            </TextEquiv>
          </Glyph>
          <Glyph id="c574">
            <Coords points="650,2023 668,2023 668,2070 650,2070"/>
            <TextEquiv>
              <Unicode>o</Unicode>
            </TextEquiv>
          </Glyph>
          <Glyph id="c575">
            <Coords points="672,2023 705,2023 705,2070 672,2070"/>
            <TextEquiv>
              <Unicode>m</Unicode>
            </TextEquiv>
          </Glyph>
          <Glyph id="c576">
            <Coords points="706,2023 720,2023 720,2070 706,2070"/>
            <TextEquiv>
              <Unicode>i</Unicode>
            </TextEquiv>
          </Glyph>
          <Glyph id="c577">
            <Coords points="722,2023 746,2023 746,2070 722,2070"/>
            <TextEquiv>
              <Unicode>n</Unicode>
            </TextEquiv>
          </Glyph>
          <Glyph id="c578">
            <Coords points="748,2023 771,2023 771,2070 748,2070"/>
            <TextEquiv>
              <Unicode>g</Unicode>
            </TextEquiv>
          </Glyph>
          <TextEquiv>
            <Unicode>Coming</Unicode>
          </TextEquiv>
        </Word>
        <Word id="w226">
          <Coords points="786,2023 841,2023 841,2070 786,2070"/>
          <Glyph id="c579">
            <Coords points="786,2023 804,2023 804,2070 786,2070"/>
            <TextEquiv>
              <Unicode>f</Unicode>
            </TextEquiv>
          </Glyph>
          <Glyph id="c580">
            <Coords points="802,2023 820,2023 820,2070 802,2070"/>
            <TextEquiv>
              <Unicode>o</Unicode>
            </TextEquiv>
          </Glyph>
          <Glyph id="c581">
            <Coords points="822,2023 841,2023 841,2070 822,2070"/>
            <TextEquiv>
              <Unicode>r</Unicode>
            </TextEquiv>
          </Glyph>
          <TextEquiv>
            <Unicode>for</Unicode>
          </TextEquiv>
        </Word>
        <Word id="w227">
          <Coords points="854,2023 908,2023 908,2070 854,2070"/>
          <Glyph id="c582">
            <Coords points="854,2023 886,2023 886,2070 854,2070"/>
            <TextEquiv>
              <Unicode>m</Unicode>
            </TextEquiv>
          </Glyph>
          <Glyph id="c583">
            <Coords points="891,2023 908,2023 908,2070 891,2070"/>
            <TextEquiv>
              <Unicode>e</Unicode>
            </TextEquiv>
          </Glyph>
          <TextEquiv>
            <Unicode>me</Unicode>
          </TextEquiv>
        </Word>
        <Word id="w228">
          <Coords points="912,2023 918,2023 918,2070 912,2070"/>
          <Glyph id="c584">
            <Coords points="912,2023 918,2023 918,2070 912,2070"/>
            <TextEquiv>
              <Unicode>,</Unicode>
            </TextEquiv>
          </Glyph>
          <TextEquiv>
            <Unicode>,</Unicode>
          </TextEquiv>
        </Word>
        <TextEquiv>
          <Unicode/>
        </TextEquiv>
      </TextLine>
      <TextEquiv>
        <Unicode/>
      </TextEquiv>
    </TextRegion>
    <TextRegion id="r17">
      <Coords points="919,1625 1065,1635 1063,1666 917,1656"/>
      <TextLine id="l27">
        <Coords points="917,1626 1065,1626 1065,1665 917,1665"/>
        <Word id="w229">
          <Coords points="919,1626 974,1630 972,1660 917,1656"/>
          <Glyph id="c585">
            <Coords points="919,1626 939,1627 937,1657 917,1656"/>
            <TextEquiv>
              <Unicode>f</Unicode>
            </TextEquiv>
          </Glyph>
          <Glyph id="c586">
            <Coords points="935,1627 952,1628 950,1658 933,1657"/>
            <TextEquiv>
              <Unicode>o</Unicode>
            </TextEquiv>
          </Glyph>
          <Glyph id="c587">
            <Coords points="955,1628 974,1629 972,1659 953,1658"/>
            <TextEquiv>
              <Unicode>r</Unicode>
            </TextEquiv>
          </Glyph>
          <TextEquiv>
            <Unicode>for</Unicode>
          </TextEquiv>
        </Word>
        <Word id="w230">
          <Coords points="997,1630 1053,1634 1051,1665 995,1661"/>
          <Glyph id="c588">
            <Coords points="997,1631 1028,1633 1026,1663 995,1661"/>
            <TextEquiv>
              <Unicode>m</Unicode>
            </TextEquiv>
          </Glyph>
          <Glyph id="c589">
            <Coords points="1035,1633 1053,1634 1051,1664 1033,1663"/>
            <TextEquiv>
              <Unicode>e</Unicode>
            </TextEquiv>
          </Glyph>
          <TextEquiv>
            <Unicode>me</Unicode>
          </TextEquiv>
        </Word>
        <Word id="w231">
          <Coords points="1057,1635 1065,1636 1063,1665 1055,1665"/>
          <Glyph id="c590">
            <Coords points="1057,1635 1065,1636 1063,1665 1055,1665"/>
            <TextEquiv>
              <Unicode>,</Unicode>
            </TextEquiv>
          </Glyph>
          <TextEquiv>
            <Unicode>,</Unicode>
          </TextEquiv>
        </Word>
        <TextEquiv>
          <Unicode/>
        </TextEquiv>
      </TextLine>
      <TextEquiv>
        <Unicode/>
      </TextEquiv>
    </TextRegion>
    <TextRegion id="r18">
      <Coords points="423,2916 773,2916 773,2945 423,2945"/>
      <TextLine id="l28">
        <Coords points="423,2916 773,2916 773,2945 423,2945"/>
        <Word id="w232">
          <Coords points="423,2916 518,2916 518,2945 423,2945"/>
          <Glyph id="c591">
            <Coords points="423,2916 445,2916 445,2945 423,2945"/>
            <TextEquiv>
              <Unicode>F</Unicode>
            </TextEquiv>
          </Glyph>
          <Glyph id="c592">
            <Coords points="448,2916 464,2916 464,2945 448,2945"/>
            <TextEquiv>
              <Unicode>r</Unicode>
            </TextEquiv>
          </Glyph>
          <Glyph id="c593">
            <Coords points="465,2916 483,2916 483,2945 465,2945"/>
            <TextEquiv>
              <Unicode>o</Unicode>
            </TextEquiv>
          </Glyph>
          <Glyph id="c594">
            <Coords points="487,2916 518,2916 518,2945 487,2945"/>
            <TextEquiv>
              <Unicode>m</Unicode>
            </TextEquiv>
          </Glyph>
          <TextEquiv>
            <Unicode>From</Unicode>
          </TextEquiv>
        </Word>
        <Word id="w233">
          <Coords points="536,2916 554,2916 554,2945 536,2945"/>
          <Glyph id="c595">
            <Coords points="536,2916 554,2916 554,2945 536,2945"/>
            <TextEquiv>
              <Unicode>"</Unicode>
            </TextEquiv>
          </Glyph>
          <TextEquiv>
            <Unicode>"</Unicode>
          </TextEquiv>
        </Word>
        <Word id="w234">
          <Coords points="564,2916 652,2916 652,2945 564,2945"/>
          <Glyph id="c596">
            <Coords points="564,2916 588,2916 588,2945 564,2945"/>
            <TextEquiv>
              <Unicode>G</Unicode>
            </TextEquiv>
          </Glyph>
          <Glyph id="c597">
            <Coords points="592,2916 610,2916 610,2945 592,2945"/>
            <TextEquiv>
              <Unicode>o</Unicode>
            </TextEquiv>
          </Glyph>
          <Glyph id="c598">
            <Coords points="612,2916 630,2916 630,2945 612,2945"/>
            <TextEquiv>
              <Unicode>o</Unicode>
            </TextEquiv>
          </Glyph>
          <Glyph id="c599">
            <Coords points="632,2916 652,2916 652,2945 632,2945"/>
            <TextEquiv>
              <Unicode>d</Unicode>
            </TextEquiv>
          </Glyph>
          <TextEquiv>
            <Unicode>Good</Unicode>
          </TextEquiv>
        </Word>
        <Word id="w235">
          <Coords points="668,2916 742,2916 742,2945 668,2945"/>
          <Glyph id="c600">
            <Coords points="668,2916 700,2916 700,2945 668,2945"/>
            <TextEquiv>
              <Unicode>W</Unicode>
            </TextEquiv>
          </Glyph>
          <Glyph id="c601">
            <Coords points="702,2916 715,2916 715,2945 702,2945"/>
            <TextEquiv>
              <Unicode>i</Unicode>
            </TextEquiv>
          </Glyph>
          <Glyph id="c602">
            <Coords points="717,2916 729,2916 729,2945 717,2945"/>
            <TextEquiv>
              <Unicode>l</Unicode>
            </TextEquiv>
          </Glyph>
          <Glyph id="c603">
            <Coords points="729,2916 742,2916 742,2945 729,2945"/>
            <TextEquiv>
              <Unicode>l</Unicode>
            </TextEquiv>
          </Glyph>
          <TextEquiv>
            <Unicode>Will</Unicode>
          </TextEquiv>
        </Word>
        <Word id="w236">
          <Coords points="756,2916 773,2916 773,2945 756,2945"/>
          <Glyph id="c604">
            <Coords points="756,2916 773,2916 773,2945 756,2945"/>
            <TextEquiv>
              <Unicode>"</Unicode>
            </TextEquiv>
          </Glyph>
          <TextEquiv>
            <Unicode>"</Unicode>
          </TextEquiv>
        </Word>
        <TextEquiv>
          <Unicode/>
        </TextEquiv>
      </TextLine>
      <TextEquiv>
        <Unicode/>
      </TextEquiv>
    </TextRegion>
    <TextRegion id="r19">
      <Coords points="1111,1653 1119,1653 1119,1660 1111,1660"/>
      <TextLine id="l29">
        <Coords points="1111,1653 1119,1653 1119,1660 1111,1660"/>
        <Word id="w237">
          <Coords points="1111,1653 1119,1653 1119,1660 1111,1660"/>
          <Glyph id="c605">
            <Coords points="1111,1653 1119,1653 1119,1660 1111,1660"/>
            <TextEquiv>
              <Unicode></Unicode>
            </TextEquiv>
          </Glyph>
          <TextEquiv>
            <Unicode></Unicode>
          </TextEquiv>
        </Word>
        <TextEquiv>
          <Unicode/>
        </TextEquiv>
      </TextLine>
      <TextEquiv>
        <Unicode/>
      </TextEquiv>
    </TextRegion>
    <TextRegion id="r20">
      <Coords points="956,1860 1257,1860 1257,1961 956,1961"/>
      <TextLine id="l30">
        <Coords points="958,1860 1255,1860 1255,1904 958,1904"/>
        <Word id="w238">
          <Coords points="958,1860 1108,1860 1108,1904 958,1904"/>
          <Glyph id="c606">
            <Coords points="958,1860 977,1860 977,1904 958,1904"/>
            <TextEquiv>
              <Unicode>S</Unicode>
            </TextEquiv>
          </Glyph>
          <Glyph id="c607">
            <Coords points="982,1860 999,1860 999,1904 982,1904"/>
            <TextEquiv>
              <Unicode>e</Unicode>
            </TextEquiv>
          </Glyph>
          <Glyph id="c608">
            <Coords points="1000,1860 1018,1860 1018,1904 1000,1904"/>
            <TextEquiv>
              <Unicode>e</Unicode>
            </TextEquiv>
          </Glyph>
          <Glyph id="c609">
            <Coords points="1021,1860 1043,1860 1043,1904 1021,1904"/>
            <TextEquiv>
              <Unicode>k</Unicode>
            </TextEquiv>
          </Glyph>
          <Glyph id="c610">
            <Coords points="1046,1860 1060,1860 1060,1904 1046,1904"/>
            <TextEquiv>
              <Unicode>i</Unicode>
            </TextEquiv>
          </Glyph>
          <Glyph id="c611">
            <Coords points="1062,1860 1084,1860 1084,1904 1062,1904"/>
            <TextEquiv>
              <Unicode>n</Unicode>
            </TextEquiv>
          </Glyph>
          <Glyph id="c612">
            <Coords points="1087,1860 1108,1860 1108,1904 1087,1904"/>
            <TextEquiv>
              <Unicode>g</Unicode>
            </TextEquiv>
          </Glyph>
          <TextEquiv>
            <Unicode>Seeking</Unicode>
          </TextEquiv>
        </Word>
        <Word id="w239">
          <Coords points="1122,1860 1177,1860 1177,1904 1122,1904"/>
          <Glyph id="c613">
            <Coords points="1122,1860 1138,1860 1138,1904 1122,1904"/>
            <TextEquiv>
              <Unicode>f</Unicode>
            </TextEquiv>
          </Glyph>
          <Glyph id="c614">
            <Coords points="1137,1860 1153,1860 1153,1904 1137,1904"/>
            <TextEquiv>
              <Unicode>o</Unicode>
            </TextEquiv>
          </Glyph>
          <Glyph id="c615">
            <Coords points="1160,1860 1177,1860 1177,1904 1160,1904"/>
            <TextEquiv>
              <Unicode>r</Unicode>
            </TextEquiv>
          </Glyph>
          <TextEquiv>
            <Unicode>for</Unicode>
          </TextEquiv>
        </Word>
        <Word id="w240">
          <Coords points="1191,1860 1244,1860 1244,1904 1191,1904"/>
          <Glyph id="c616">
            <Coords points="1191,1860 1224,1860 1224,1904 1191,1904"/>
            <TextEquiv>
              <Unicode>m</Unicode>
            </TextEquiv>
          </Glyph>
          <Glyph id="c617">
            <Coords points="1227,1860 1244,1860 1244,1904 1227,1904"/>
            <TextEquiv>
              <Unicode>e</Unicode>
            </TextEquiv>
          </Glyph>
          <TextEquiv>
            <Unicode>me</Unicode>
          </TextEquiv>
        </Word>
        <Word id="w241">
          <Coords points="1249,1860 1255,1860 1255,1904 1249,1904"/>
          <Glyph id="c618">
            <Coords points="1249,1860 1255,1860 1255,1904 1249,1904"/>
            <TextEquiv>
              <Unicode>,</Unicode>
            </TextEquiv>
          </Glyph>
          <TextEquiv>
            <Unicode>,</Unicode>
          </TextEquiv>
        </Word>
        <TextEquiv>
          <Unicode/>
        </TextEquiv>
      </TextLine>
      <TextLine id="l31">
        <Coords points="956,1914 1257,1914 1257,1961 956,1961"/>
        <Word id="w242">
          <Coords points="956,1914 1007,1914 1007,1961 956,1961"/>
          <Glyph id="c619">
            <Coords points="956,1914 982,1914 982,1961 956,1961"/>
            <TextEquiv>
              <Unicode>D</Unicode>
            </TextEquiv>
          </Glyph>
          <Glyph id="c620">
            <Coords points="985,1914 1007,1914 1007,1961 985,1961"/>
            <TextEquiv>
              <Unicode>y</Unicode>
            </TextEquiv>
          </Glyph>
          <TextEquiv>
            <Unicode>Dy</Unicode>
          </TextEquiv>
        </Word>
        <Word id="w243">
          <Coords points="1020,1914 1032,1914 1032,1961 1020,1961"/>
          <Glyph id="c621">
            <Coords points="1020,1914 1032,1914 1032,1961 1020,1961"/>
            <TextEquiv>
              <Unicode>-</Unicode>
            </TextEquiv>
          </Glyph>
          <TextEquiv>
            <Unicode>-</Unicode>
          </TextEquiv>
        </Word>
        <Word id="w244">
          <Coords points="1045,1914 1107,1914 1107,1961 1045,1961"/>
          <Glyph id="c622">
            <Coords points="1045,1914 1058,1914 1058,1961 1045,1961"/>
            <TextEquiv>
              <Unicode>i</Unicode>
            </TextEquiv>
          </Glyph>
          <Glyph id="c623">
            <Coords points="1061,1914 1082,1914 1082,1961 1061,1961"/>
            <TextEquiv>
              <Unicode>n</Unicode>
            </TextEquiv>
          </Glyph>
          <Glyph id="c624">
            <Coords points="1087,1914 1107,1914 1107,1961 1087,1961"/>
            <TextEquiv>
              <Unicode>g</Unicode>
            </TextEquiv>
          </Glyph>
          <TextEquiv>
            <Unicode>ing</Unicode>
          </TextEquiv>
        </Word>
        <Word id="w245">
          <Coords points="1122,1914 1177,1914 1177,1961 1122,1961"/>
          <Glyph id="c625">
            <Coords points="1122,1914 1139,1914 1139,1961 1122,1961"/>
            <TextEquiv>
              <Unicode>f</Unicode>
            </TextEquiv>
          </Glyph>
          <Glyph id="c626">
            <Coords points="1138,1914 1155,1914 1155,1961 1138,1961"/>
            <TextEquiv>
              <Unicode>o</Unicode>
            </TextEquiv>
          </Glyph>
          <Glyph id="c627">
            <Coords points="1159,1914 1177,1914 1177,1961 1159,1961"/>
            <TextEquiv>
              <Unicode>r</Unicode>
            </TextEquiv>
          </Glyph>
          <TextEquiv>
            <Unicode>for</Unicode>
          </TextEquiv>
        </Word>
        <Word id="w246">
          <Coords points="1190,1914 1245,1914 1245,1961 1190,1961"/>
          <Glyph id="c628">
            <Coords points="1190,1914 1224,1914 1224,1961 1190,1961"/>
            <TextEquiv>
              <Unicode>m</Unicode>
            </TextEquiv>
          </Glyph>
          <Glyph id="c629">
            <Coords points="1228,1914 1245,1914 1245,1961 1228,1961"/>
            <TextEquiv>
              <Unicode>e</Unicode>
            </TextEquiv>
          </Glyph>
          <TextEquiv>
            <Unicode>me</Unicode>
          </TextEquiv>
        </Word>
        <Word id="w247">
          <Coords points="1251,1914 1257,1914 1257,1961 1251,1961"/>
          <Glyph id="c630">
            <Coords points="1251,1914 1257,1914 1257,1961 1251,1961"/>
            <TextEquiv>
              <Unicode>,</Unicode>
            </TextEquiv>
          </Glyph>
          <TextEquiv>
            <Unicode>,</Unicode>
          </TextEquiv>
        </Word>
        <TextEquiv>
          <Unicode/>
        </TextEquiv>
      </TextLine>
      <TextEquiv>
        <Unicode/>
      </TextEquiv>
    </TextRegion>
    <TextRegion id="r21">
      <Coords points="952,1968 1252,1968 1252,2070 952,2070"/>
      <TextLine id="l32">
        <Coords points="952,1968 1252,1968 1252,2014 952,2014"/>
        <Word id="w248">
          <Coords points="952,1968 1093,1968 1093,2014 952,2014"/>
          <Glyph id="c631">
            <Coords points="952,1968 974,1968 974,2014 952,2014"/>
            <TextEquiv>
              <Unicode>C</Unicode>
            </TextEquiv>
          </Glyph>
          <Glyph id="c632">
            <Coords points="979,1968 999,1968 999,2014 979,2014"/>
            <TextEquiv>
              <Unicode>a</Unicode>
            </TextEquiv>
          </Glyph>
          <Glyph id="c633">
            <Coords points="1000,1968 1013,1968 1013,2014 1000,2014"/>
            <TextEquiv>
              <Unicode>l</Unicode>
            </TextEquiv>
          </Glyph>
          <Glyph id="c634">
            <Coords points="1016,1968 1029,1968 1029,2014 1016,2014"/>
            <TextEquiv>
              <Unicode>l</Unicode>
            </TextEquiv>
          </Glyph>
          <Glyph id="c635">
            <Coords points="1030,1968 1043,1968 1043,2014 1030,2014"/>
            <TextEquiv>
              <Unicode>i</Unicode>
            </TextEquiv>
          </Glyph>
          <Glyph id="c636">
            <Coords points="1047,1968 1069,1968 1069,2014 1047,2014"/>
            <TextEquiv>
              <Unicode>n</Unicode>
            </TextEquiv>
          </Glyph>
          <Glyph id="c637">
            <Coords points="1071,1968 1093,1968 1093,2014 1071,2014"/>
            <TextEquiv>
              <Unicode>g</Unicode>
            </TextEquiv>
          </Glyph>
          <TextEquiv>
            <Unicode>Calling</Unicode>
          </TextEquiv>
        </Word>
        <Word id="w249">
          <Coords points="1118,1968 1172,1968 1172,2014 1118,2014"/>
          <Glyph id="c638">
            <Coords points="1118,1968 1136,1968 1136,2014 1118,2014"/>
            <TextEquiv>
              <Unicode>f</Unicode>
            </TextEquiv>
          </Glyph>
          <Glyph id="c639">
            <Coords points="1135,1968 1151,1968 1151,2014 1135,2014"/>
            <TextEquiv>
              <Unicode>o</Unicode>
            </TextEquiv>
          </Glyph>
          <Glyph id="c640">
            <Coords points="1154,1968 1172,1968 1172,2014 1154,2014"/>
            <TextEquiv>
              <Unicode>r</Unicode>
            </TextEquiv>
          </Glyph>
          <TextEquiv>
            <Unicode>for</Unicode>
          </TextEquiv>
        </Word>
        <Word id="w250">
          <Coords points="1187,1968 1241,1968 1241,2014 1187,2014"/>
          <Glyph id="c641">
            <Coords points="1187,1968 1220,1968 1220,2014 1187,2014"/>
            <TextEquiv>
              <Unicode>m</Unicode>
            </TextEquiv>
          </Glyph>
          <Glyph id="c642">
            <Coords points="1224,1968 1241,1968 1241,2014 1224,2014"/>
            <TextEquiv>
              <Unicode>e</Unicode>
            </TextEquiv>
          </Glyph>
          <TextEquiv>
            <Unicode>me</Unicode>
          </TextEquiv>
        </Word>
        <Word id="w251">
          <Coords points="1246,1968 1252,1968 1252,2014 1246,2014"/>
          <Glyph id="c643">
            <Coords points="1246,1968 1252,1968 1252,2014 1246,2014"/>
            <TextEquiv>
              <Unicode>,</Unicode>
            </TextEquiv>
          </Glyph>
          <TextEquiv>
            <Unicode>,</Unicode>
          </TextEquiv>
        </Word>
        <TextEquiv>
          <Unicode/>
        </TextEquiv>
      </TextLine>
      <TextLine id="l33">
        <Coords points="953,2023 1249,2023 1249,2070 953,2070"/>
        <Word id="w252">
          <Coords points="953,2023 1099,2023 1099,2070 953,2070"/>
          <Glyph id="c644">
            <Coords points="953,2023 976,2023 976,2070 953,2070"/>
            <TextEquiv>
              <Unicode>C</Unicode>
            </TextEquiv>
          </Glyph>
          <Glyph id="c645">
            <Coords points="979,2023 996,2023 996,2070 979,2070"/>
            <TextEquiv>
              <Unicode>o</Unicode>
            </TextEquiv>
          </Glyph>
          <Glyph id="c646">
            <Coords points="1001,2023 1034,2023 1034,2070 1001,2070"/>
            <TextEquiv>
              <Unicode>m</Unicode>
            </TextEquiv>
          </Glyph>
          <Glyph id="c647">
            <Coords points="1035,2023 1049,2023 1049,2070 1035,2070"/>
            <TextEquiv>
              <Unicode>i</Unicode>
            </TextEquiv>
          </Glyph>
          <Glyph id="c648">
            <Coords points="1053,2023 1076,2023 1076,2070 1053,2070"/>
            <TextEquiv>
              <Unicode>n</Unicode>
            </TextEquiv>
          </Glyph>
          <Glyph id="c649">
            <Coords points="1077,2023 1099,2023 1099,2070 1077,2070"/>
            <TextEquiv>
              <Unicode>g</Unicode>
            </TextEquiv>
          </Glyph>
          <TextEquiv>
            <Unicode>Coming</Unicode>
          </TextEquiv>
        </Word>
        <Word id="w253">
          <Coords points="1116,2023 1171,2023 1171,2070 1116,2070"/>
          <Glyph id="c650">
            <Coords points="1116,2023 1134,2023 1134,2070 1116,2070"/>
            <TextEquiv>
              <Unicode>f</Unicode>
            </TextEquiv>
          </Glyph>
          <Glyph id="c651">
            <Coords points="1132,2023 1149,2023 1149,2070 1132,2070"/>
            <TextEquiv>
              <Unicode>o</Unicode>
            </TextEquiv>
          </Glyph>
          <Glyph id="c652">
            <Coords points="1153,2023 1171,2023 1171,2070 1153,2070"/>
            <TextEquiv>
              <Unicode>r</Unicode>
            </TextEquiv>
          </Glyph>
          <TextEquiv>
            <Unicode>for</Unicode>
          </TextEquiv>
        </Word>
        <Word id="w254">
          <Coords points="1184,2023 1239,2023 1239,2070 1184,2070"/>
          <Glyph id="c653">
            <Coords points="1184,2023 1218,2023 1218,2070 1184,2070"/>
            <TextEquiv>
              <Unicode>m</Unicode>
            </TextEquiv>
          </Glyph>
          <Glyph id="c654">
            <Coords points="1223,2023 1239,2023 1239,2070 1223,2070"/>
            <TextEquiv>
              <Unicode>e</Unicode>
            </TextEquiv>
          </Glyph>
          <TextEquiv>
            <Unicode>me</Unicode>
          </TextEquiv>
        </Word>
        <Word id="w255">
          <Coords points="1243,2023 1249,2023 1249,2070 1243,2070"/>
          <Glyph id="c655">
            <Coords points="1243,2023 1249,2023 1249,2070 1243,2070"/>
            <TextEquiv>
              <Unicode>,</Unicode>
            </TextEquiv>
          </Glyph>
          <TextEquiv>
            <Unicode>,</Unicode>
          </TextEquiv>
        </Word>
        <TextEquiv>
          <Unicode/>
        </TextEquiv>
      </TextLine>
      <TextEquiv>
        <Unicode/>
      </TextEquiv>
    </TextRegion>
    <TextRegion id="r22">
      <Coords points="1585,1623 1732,1636 1730,1667 1582,1654"/>
      <TextLine id="l34">
        <Coords points="1582,1623 1732,1623 1732,1667 1582,1667"/>
        <Word id="w256">
          <Coords points="1585,1623 1641,1628 1638,1659 1582,1654"/>
          <Glyph id="c656">
            <Coords points="1585,1624 1605,1626 1602,1656 1582,1654"/>
            <TextEquiv>
              <Unicode>f</Unicode>
            </TextEquiv>
          </Glyph>
          <Glyph id="c657">
            <Coords points="1604,1625 1621,1627 1618,1656 1601,1655"/>
            <TextEquiv>
              <Unicode>o</Unicode>
            </TextEquiv>
          </Glyph>
          <Glyph id="c658">
            <Coords points="1622,1627 1641,1629 1638,1659 1619,1657"/>
            <TextEquiv>
              <Unicode>r</Unicode>
            </TextEquiv>
          </Glyph>
          <TextEquiv>
            <Unicode>for</Unicode>
          </TextEquiv>
        </Word>
        <Word id="w257">
          <Coords points="1664,1631 1719,1636 1716,1666 1661,1661"/>
          <Glyph id="c659">
            <Coords points="1664,1631 1694,1634 1691,1664 1661,1661"/>
            <TextEquiv>
              <Unicode>m</Unicode>
            </TextEquiv>
          </Glyph>
          <Glyph id="c660">
            <Coords points="1701,1634 1719,1636 1716,1665 1698,1664"/>
            <TextEquiv>
              <Unicode>e</Unicode>
            </TextEquiv>
          </Glyph>
          <TextEquiv>
            <Unicode>me</Unicode>
          </TextEquiv>
        </Word>
        <Word id="w258">
          <Coords points="1725,1636 1732,1637 1729,1667 1722,1666"/>
          <Glyph id="c661">
            <Coords points="1725,1636 1732,1637 1729,1667 1722,1666"/>
            <TextEquiv>
              <Unicode>,</Unicode>
            </TextEquiv>
          </Glyph>
          <TextEquiv>
            <Unicode>,</Unicode>
          </TextEquiv>
        </Word>
        <TextEquiv>
          <Unicode/>
        </TextEquiv>
      </TextLine>
      <TextEquiv>
        <Unicode/>
      </TextEquiv>
    </TextRegion>
    <TextRegion id="r23">
      <Coords points="1120,2921 1194,2922 1194,2950 1120,2949"/>
      <TextLine id="l35">
        <Coords points="1120,2921 1194,2921 1194,2950 1120,2950"/>
        <Word id="w259">
          <Coords points="1120,2921 1194,2922 1194,2950 1120,2949"/>
          <Glyph id="c662">
            <Coords points="1120,2922 1142,2922 1142,2949 1120,2949"/>
            <TextEquiv>
              <Unicode>1</Unicode>
            </TextEquiv>
          </Glyph>
          <Glyph id="c663">
            <Coords points="1141,2922 1166,2922 1166,2949 1141,2949"/>
            <TextEquiv>
              <Unicode>4</Unicode>
            </TextEquiv>
          </Glyph>
          <Glyph id="c664">
            <Coords points="1167,2922 1194,2922 1194,2949 1167,2949"/>
            <TextEquiv>
              <Unicode>6</Unicode>
            </TextEquiv>
          </Glyph>
          <TextEquiv>
            <Unicode>146</Unicode>
          </TextEquiv>
        </Word>
        <TextEquiv>
          <Unicode/>
        </TextEquiv>
      </TextLine>
      <TextEquiv>
        <Unicode/>
      </TextEquiv>
    </TextRegion>
    <TextRegion id="r24">
      <Coords points="1313,1736 1462,1737 1461,1836 1312,1835"/>
      <TextLine id="l36">
        <Coords points="1312,1736 1462,1736 1462,1836 1312,1836"/>
        <Word id="w260">
          <Coords points="1313,1736 1462,1737 1461,1836 1312,1835"/>
          <Glyph id="c665">
            <Coords points="1313,1736 1462,1737 1461,1836 1312,1835"/>
            <TextEquiv>
              <Unicode>A</Unicode>
            </TextEquiv>
          </Glyph>
          <TextEquiv>
            <Unicode>A</Unicode>
          </TextEquiv>
        </Word>
        <TextEquiv>
          <Unicode/>
        </TextEquiv>
      </TextLine>
      <TextEquiv>
        <Unicode/>
      </TextEquiv>
    </TextRegion>
    <TextRegion id="r25">
      <Coords points="1292,1860 1590,1860 1590,1904 1292,1904"/>
      <TextLine id="l37">
        <Coords points="1292,1860 1590,1860 1590,1904 1292,1904"/>
        <Word id="w261">
          <Coords points="1292,1860 1442,1860 1442,1904 1292,1904"/>
          <Glyph id="c666">
            <Coords points="1292,1860 1310,1860 1310,1904 1292,1904"/>
            <TextEquiv>
              <Unicode>S</Unicode>
            </TextEquiv>
          </Glyph>
          <Glyph id="c667">
            <Coords points="1315,1860 1332,1860 1332,1904 1315,1904"/>
            <TextEquiv>
              <Unicode>e</Unicode>
            </TextEquiv>
          </Glyph>
          <Glyph id="c668">
            <Coords points="1334,1860 1351,1860 1351,1904 1334,1904"/>
            <TextEquiv>
              <Unicode>e</Unicode>
            </TextEquiv>
          </Glyph>
          <Glyph id="c669">
            <Coords points="1355,1860 1379,1860 1379,1904 1355,1904"/>
            <TextEquiv>
              <Unicode>k</Unicode>
            </TextEquiv>
          </Glyph>
          <Glyph id="c670">
            <Coords points="1379,1860 1392,1860 1392,1904 1379,1904"/>
            <TextEquiv>
              <Unicode>i</Unicode>
            </TextEquiv>
          </Glyph>
          <Glyph id="c671">
            <Coords points="1396,1860 1418,1860 1418,1904 1396,1904"/>
            <TextEquiv>
              <Unicode>n</Unicode>
            </TextEquiv>
          </Glyph>
          <Glyph id="c672">
            <Coords points="1422,1860 1442,1860 1442,1904 1422,1904"/>
            <TextEquiv>
              <Unicode>g</Unicode>
            </TextEquiv>
          </Glyph>
          <TextEquiv>
            <Unicode>Seeking</Unicode>
          </TextEquiv>
        </Word>
        <Word id="w262">
          <Coords points="1456,1860 1510,1860 1510,1904 1456,1904"/>
          <Glyph id="c673">
            <Coords points="1456,1860 1473,1860 1473,1904 1456,1904"/>
            <TextEquiv>
              <Unicode>f</Unicode>
            </TextEquiv>
          </Glyph>
          <Glyph id="c674">
            <Coords points="1472,1860 1488,1860 1488,1904 1472,1904"/>
            <TextEquiv>
              <Unicode>o</Unicode>
            </TextEquiv>
          </Glyph>
          <Glyph id="c675">
            <Coords points="1494,1860 1510,1860 1510,1904 1494,1904"/>
            <TextEquiv>
              <Unicode>r</Unicode>
            </TextEquiv>
          </Glyph>
          <TextEquiv>
            <Unicode>for</Unicode>
          </TextEquiv>
        </Word>
        <Word id="w263">
          <Coords points="1525,1860 1577,1860 1577,1904 1525,1904"/>
          <Glyph id="c676">
            <Coords points="1525,1860 1558,1860 1558,1904 1525,1904"/>
            <TextEquiv>
              <Unicode>m</Unicode>
            </TextEquiv>
          </Glyph>
          <Glyph id="c677">
            <Coords points="1560,1860 1577,1860 1577,1904 1560,1904"/>
            <TextEquiv>
              <Unicode>e</Unicode>
            </TextEquiv>
          </Glyph>
          <TextEquiv>
            <Unicode>me</Unicode>
          </TextEquiv>
        </Word>
        <Word id="w264">
          <Coords points="1583,1860 1590,1860 1590,1904 1583,1904"/>
          <Glyph id="c678">
            <Coords points="1583,1860 1590,1860 1590,1904 1583,1904"/>
            <TextEquiv>
              <Unicode>,</Unicode>
            </TextEquiv>
          </Glyph>
          <TextEquiv>
            <Unicode>,</Unicode>
          </TextEquiv>
        </Word>
        <TextEquiv>
          <Unicode/>
        </TextEquiv>
      </TextLine>
      <TextEquiv>
        <Unicode/>
      </TextEquiv>
    </TextRegion>
    <TextRegion id="r26">
      <Coords points="1291,1914 1592,1914 1592,1961 1291,1961"/>
      <TextLine id="l38">
        <Coords points="1291,1914 1592,1914 1592,1961 1291,1961"/>
        <Word id="w265">
          <Coords points="1291,1914 1342,1914 1342,1961 1291,1961"/>
          <Glyph id="c679">
            <Coords points="1291,1914 1318,1914 1318,1961 1291,1961"/>
            <TextEquiv>
              <Unicode>D</Unicode>
            </TextEquiv>
          </Glyph>
          <Glyph id="c680">
            <Coords points="1319,1914 1342,1914 1342,1961 1319,1961"/>
            <TextEquiv>
              <Unicode>y</Unicode>
            </TextEquiv>
          </Glyph>
          <TextEquiv>
            <Unicode>Dy</Unicode>
          </TextEquiv>
        </Word>
        <Word id="w266">
          <Coords points="1352,1914 1364,1914 1364,1961 1352,1961"/>
          <Glyph id="c681">
            <Coords points="1352,1914 1364,1914 1364,1961 1352,1961"/>
            <TextEquiv>
              <Unicode>-</Unicode>
            </TextEquiv>
          </Glyph>
          <TextEquiv>
            <Unicode>-</Unicode>
          </TextEquiv>
        </Word>
        <Word id="w267">
          <Coords points="1380,1914 1442,1914 1442,1961 1380,1961"/>
          <Glyph id="c682">
            <Coords points="1380,1914 1392,1914 1392,1961 1380,1961"/>
            <TextEquiv>
              <Unicode>i</Unicode>
            </TextEquiv>
          </Glyph>
          <Glyph id="c683">
            <Coords points="1396,1914 1418,1914 1418,1961 1396,1961"/>
            <TextEquiv>
              <Unicode>n</Unicode>
            </TextEquiv>
          </Glyph>
          <Glyph id="c684">
            <Coords points="1422,1914 1442,1914 1442,1961 1422,1961"/>
            <TextEquiv>
              <Unicode>g</Unicode>
            </TextEquiv>
          </Glyph>
          <TextEquiv>
            <Unicode>ing</Unicode>
          </TextEquiv>
        </Word>
        <Word id="w268">
          <Coords points="1458,1914 1512,1914 1512,1961 1458,1961"/>
          <Glyph id="c685">
            <Coords points="1458,1914 1475,1914 1475,1961 1458,1961"/>
            <TextEquiv>
              <Unicode>f</Unicode>
            </TextEquiv>
          </Glyph>
          <Glyph id="c686">
            <Coords points="1474,1914 1490,1914 1490,1961 1474,1961"/>
            <TextEquiv>
              <Unicode>o</Unicode>
            </TextEquiv>
          </Glyph>
          <Glyph id="c687">
            <Coords points="1495,1914 1512,1914 1512,1961 1495,1961"/>
            <TextEquiv>
              <Unicode>r</Unicode>
            </TextEquiv>
          </Glyph>
          <TextEquiv>
            <Unicode>for</Unicode>
          </TextEquiv>
        </Word>
        <Word id="w269">
          <Coords points="1526,1914 1580,1914 1580,1961 1526,1961"/>
          <Glyph id="c688">
            <Coords points="1526,1914 1559,1914 1559,1961 1526,1961"/>
            <TextEquiv>
              <Unicode>m</Unicode>
            </TextEquiv>
          </Glyph>
          <Glyph id="c689">
            <Coords points="1563,1914 1580,1914 1580,1961 1563,1961"/>
            <TextEquiv>
              <Unicode>e</Unicode>
            </TextEquiv>
          </Glyph>
          <TextEquiv>
            <Unicode>me</Unicode>
          </TextEquiv>
        </Word>
        <Word id="w270">
          <Coords points="1586,1914 1592,1914 1592,1961 1586,1961"/>
          <Glyph id="c690">
            <Coords points="1586,1914 1592,1914 1592,1961 1586,1961"/>
            <TextEquiv>
              <Unicode>,</Unicode>
            </TextEquiv>
          </Glyph>
          <TextEquiv>
            <Unicode>,</Unicode>
          </TextEquiv>
        </Word>
        <TextEquiv>
          <Unicode/>
        </TextEquiv>
      </TextLine>
      <TextEquiv>
        <Unicode/>
      </TextEquiv>
    </TextRegion>
    <TextRegion id="r27">
      <Coords points="1284,1968 1589,1968 1589,2070 1284,2070"/>
      <TextLine id="l39">
        <Coords points="1286,1968 1588,1968 1588,2014 1286,2014"/>
        <Word id="w271">
          <Coords points="1286,1968 1426,1968 1426,2014 1286,2014"/>
          <Glyph id="c691">
            <Coords points="1286,1968 1309,1968 1309,2014 1286,2014"/>
            <TextEquiv>
              <Unicode>C</Unicode>
            </TextEquiv>
          </Glyph>
          <Glyph id="c692">
            <Coords points="1311,1968 1332,1968 1332,2014 1311,2014"/>
            <TextEquiv>
              <Unicode>a</Unicode>
            </TextEquiv>
          </Glyph>
          <Glyph id="c693">
            <Coords points="1335,1968 1347,1968 1347,2014 1335,2014"/>
            <TextEquiv>
              <Unicode>l</Unicode>
            </TextEquiv>
          </Glyph>
          <Glyph id="c694">
            <Coords points="1349,1968 1362,1968 1362,2014 1349,2014"/>
            <TextEquiv>
              <Unicode>l</Unicode>
            </TextEquiv>
          </Glyph>
          <Glyph id="c695">
            <Coords points="1363,1968 1378,1968 1378,2014 1363,2014"/>
            <TextEquiv>
              <Unicode>i</Unicode>
            </TextEquiv>
          </Glyph>
          <Glyph id="c696">
            <Coords points="1379,1968 1401,1968 1401,2014 1379,2014"/>
            <TextEquiv>
              <Unicode>n</Unicode>
            </TextEquiv>
          </Glyph>
          <Glyph id="c697">
            <Coords points="1405,1968 1426,1968 1426,2014 1405,2014"/>
            <TextEquiv>
              <Unicode>g</Unicode>
            </TextEquiv>
          </Glyph>
          <TextEquiv>
            <Unicode>Calling</Unicode>
          </TextEquiv>
        </Word>
        <Word id="w272">
          <Coords points="1455,1968 1508,1968 1508,2014 1455,2014"/>
          <Glyph id="c698">
            <Coords points="1455,1968 1472,1968 1472,2014 1455,2014"/>
            <TextEquiv>
              <Unicode>f</Unicode>
            </TextEquiv>
          </Glyph>
          <Glyph id="c699">
            <Coords points="1471,1968 1487,1968 1487,2014 1471,2014"/>
            <TextEquiv>
              <Unicode>o</Unicode>
            </TextEquiv>
          </Glyph>
          <Glyph id="c700">
            <Coords points="1491,1968 1508,1968 1508,2014 1491,2014"/>
            <TextEquiv>
              <Unicode>r</Unicode>
            </TextEquiv>
          </Glyph>
          <TextEquiv>
            <Unicode>for</Unicode>
          </TextEquiv>
        </Word>
        <Word id="w273">
          <Coords points="1524,1968 1578,1968 1578,2014 1524,2014"/>
          <Glyph id="c701">
            <Coords points="1524,1968 1557,1968 1557,2014 1524,2014"/>
            <TextEquiv>
              <Unicode>m</Unicode>
            </TextEquiv>
          </Glyph>
          <Glyph id="c702">
            <Coords points="1562,1968 1578,1968 1578,2014 1562,2014"/>
            <TextEquiv>
              <Unicode>e</Unicode>
            </TextEquiv>
          </Glyph>
          <TextEquiv>
            <Unicode>me</Unicode>
          </TextEquiv>
        </Word>
        <Word id="w274">
          <Coords points="1582,1968 1588,1968 1588,2014 1582,2014"/>
          <Glyph id="c703">
            <Coords points="1582,1968 1588,1968 1588,2014 1582,2014"/>
            <TextEquiv>
              <Unicode>,</Unicode>
            </TextEquiv>
          </Glyph>
          <TextEquiv>
            <Unicode>,</Unicode>
          </TextEquiv>
        </Word>
        <TextEquiv>
          <Unicode/>
        </TextEquiv>
      </TextLine>
      <TextLine id="l40">
        <Coords points="1284,2023 1589,2023 1589,2070 1284,2070"/>
        <Word id="w275">
          <Coords points="1284,2023 1430,2023 1430,2070 1284,2070"/>
          <Glyph id="c704">
            <Coords points="1284,2023 1307,2023 1307,2070 1284,2070"/>
            <TextEquiv>
              <Unicode>C</Unicode>
            </TextEquiv>
          </Glyph>
          <Glyph id="c705">
            <Coords points="1310,2023 1327,2023 1327,2070 1310,2070"/>
            <TextEquiv>
              <Unicode>o</Unicode>
            </TextEquiv>
          </Glyph>
          <Glyph id="c706">
            <Coords points="1332,2023 1365,2023 1365,2070 1332,2070"/>
            <TextEquiv>
              <Unicode>m</Unicode>
            </TextEquiv>
          </Glyph>
          <Glyph id="c707">
            <Coords points="1366,2023 1379,2023 1379,2070 1366,2070"/>
            <TextEquiv>
              <Unicode>i</Unicode>
            </TextEquiv>
          </Glyph>
          <Glyph id="c708">
            <Coords points="1383,2023 1406,2023 1406,2070 1383,2070"/>
            <TextEquiv>
              <Unicode>n</Unicode>
            </TextEquiv>
          </Glyph>
          <Glyph id="c709">
            <Coords points="1408,2023 1430,2023 1430,2070 1408,2070"/>
            <TextEquiv>
              <Unicode>g</Unicode>
            </TextEquiv>
          </Glyph>
          <TextEquiv>
            <Unicode>Coming</Unicode>
          </TextEquiv>
        </Word>
        <Word id="w276">
          <Coords points="1454,2023 1508,2023 1508,2070 1454,2070"/>
          <Glyph id="c710">
            <Coords points="1454,2023 1471,2023 1471,2070 1454,2070"/>
            <TextEquiv>
              <Unicode>f</Unicode>
            </TextEquiv>
          </Glyph>
          <Glyph id="c711">
            <Coords points="1471,2023 1487,2023 1487,2070 1471,2070"/>
            <TextEquiv>
              <Unicode>o</Unicode>
            </TextEquiv>
          </Glyph>
          <Glyph id="c712">
            <Coords points="1491,2023 1508,2023 1508,2070 1491,2070"/>
            <TextEquiv>
              <Unicode>r</Unicode>
            </TextEquiv>
          </Glyph>
          <TextEquiv>
            <Unicode>for</Unicode>
          </TextEquiv>
        </Word>
        <Word id="w277">
          <Coords points="1522,2023 1577,2023 1577,2070 1522,2070"/>
          <Glyph id="c713">
            <Coords points="1522,2023 1557,2023 1557,2070 1522,2070"/>
            <TextEquiv>
              <Unicode>m</Unicode>
            </TextEquiv>
          </Glyph>
          <Glyph id="c714">
            <Coords points="1560,2023 1577,2023 1577,2070 1560,2070"/>
            <TextEquiv>
              <Unicode>e</Unicode>
            </TextEquiv>
          </Glyph>
          <TextEquiv>
            <Unicode>me</Unicode>
          </TextEquiv>
        </Word>
        <Word id="w278">
          <Coords points="1583,2023 1589,2023 1589,2070 1583,2070"/>
          <Glyph id="c715">
            <Coords points="1583,2023 1589,2023 1589,2070 1583,2070"/>
            <TextEquiv>
              <Unicode>,</Unicode>
            </TextEquiv>
          </Glyph>
          <TextEquiv>
            <Unicode>,</Unicode>
          </TextEquiv>
        </Word>
        <TextEquiv>
          <Unicode/>
        </TextEquiv>
      </TextLine>
      <TextEquiv>
        <Unicode/>
      </TextEquiv>
    </TextRegion>
    <TextRegion id="r28">
      <Coords points="1543,2335 1668,2335 1668,2460 1543,2460"/>
      <TextLine id="l41">
        <Coords points="1543,2335 1668,2335 1668,2460 1543,2460"/>
        <Word id="w279">
          <Coords points="1543,2335 1668,2335 1668,2460 1543,2460"/>
          <Glyph id="c716">
            <Coords points="1543,2335 1668,2335 1668,2460 1543,2460"/>
            <TextEquiv>
              <Unicode>H</Unicode>
            </TextEquiv>
          </Glyph>
          <TextEquiv>
            <Unicode>H</Unicode>
          </TextEquiv>
        </Word>
        <TextEquiv>
          <Unicode/>
        </TextEquiv>
      </TextLine>
      <TextEquiv>
        <Unicode/>
      </TextEquiv>
    </TextRegion>
    <TextRegion id="r29">
      <Coords points="1781,2506 1848,2506 1848,2550 1781,2550"/>
      <TextLine id="l42">
        <Coords points="1781,2506 1848,2506 1848,2550 1781,2550"/>
        <Word id="w280">
          <Coords points="1781,2506 1836,2506 1836,2550 1781,2550"/>
          <Glyph id="c717">
            <Coords points="1781,2506 1815,2506 1815,2550 1781,2550"/>
            <TextEquiv>
              <Unicode>m</Unicode>
            </TextEquiv>
          </Glyph>
          <Glyph id="c718">
            <Coords points="1818,2506 1836,2506 1836,2550 1818,2550"/>
            <TextEquiv>
              <Unicode>e</Unicode>
            </TextEquiv>
          </Glyph>
          <TextEquiv>
            <Unicode>me</Unicode>
          </TextEquiv>
        </Word>
        <Word id="w281">
          <Coords points="1840,2506 1848,2506 1848,2550 1840,2550"/>
          <Glyph id="c719">
            <Coords points="1840,2506 1848,2506 1848,2550 1840,2550"/>
            <TextEquiv>
              <Unicode>.</Unicode>
            </TextEquiv>
          </Glyph>
          <TextEquiv>
            <Unicode>.</Unicode>
          </TextEquiv>
        </Word>
        <TextEquiv>
          <Unicode/>
        </TextEquiv>
      </TextLine>
      <TextEquiv>
        <Unicode/>
      </TextEquiv>
    </TextRegion>
    <TextRegion id="r30">
      <Coords points="1781,2561 1848,2561 1848,2605 1781,2605"/>
      <TextLine id="l43">
        <Coords points="1781,2561 1848,2561 1848,2605 1781,2605"/>
        <Word id="w282">
          <Coords points="1781,2561 1836,2561 1836,2605 1781,2605"/>
          <Glyph id="c720">
            <Coords points="1781,2561 1813,2561 1813,2605 1781,2605"/>
            <TextEquiv>
              <Unicode>m</Unicode>
            </TextEquiv>
          </Glyph>
          <Glyph id="c721">
            <Coords points="1817,2561 1836,2561 1836,2605 1817,2605"/>
            <TextEquiv>
              <Unicode>e</Unicode>
            </TextEquiv>
          </Glyph>
          <TextEquiv>
            <Unicode>me</Unicode>
          </TextEquiv>
        </Word>
        <Word id="w283">
          <Coords points="1839,2561 1848,2561 1848,2605 1839,2605"/>
          <Glyph id="c722">
            <Coords points="1839,2561 1848,2561 1848,2605 1839,2605"/>
            <TextEquiv>
              <Unicode>.</Unicode>
            </TextEquiv>
          </Glyph>
          <TextEquiv>
            <Unicode>.</Unicode>
          </TextEquiv>
        </Word>
        <TextEquiv>
          <Unicode/>
        </TextEquiv>
      </TextLine>
      <TextEquiv>
        <Unicode/>
      </TextEquiv>
    </TextRegion>
    <TextRegion id="r31">
      <Coords points="465,2506 1846,2506 1846,2715 465,2715"/>
      <TextLine id="l44">
        <Coords points="466,2506 1738,2506 1738,2550 466,2550"/>
        <Word id="w284">
          <Coords points="466,2506 515,2506 515,2550 466,2550"/>
          <Glyph id="c723">
            <Coords points="466,2506 490,2506 490,2550 466,2550"/>
            <TextEquiv>
              <Unicode>O</Unicode>
            </TextEquiv>
          </Glyph>
          <Glyph id="c724">
            <Coords points="491,2506 515,2506 515,2550 491,2550"/>
            <TextEquiv>
              <Unicode>h</Unicode>
            </TextEquiv>
          </Glyph>
          <TextEquiv>
            <Unicode>Oh</Unicode>
          </TextEquiv>
        </Word>
        <Word id="w285">
          <Coords points="520,2506 528,2506 528,2550 520,2550"/>
          <Glyph id="c725">
            <Coords points="520,2506 528,2506 528,2550 520,2550"/>
            <TextEquiv>
              <Unicode>,</Unicode>
            </TextEquiv>
          </Glyph>
          <TextEquiv>
            <Unicode>,</Unicode>
          </TextEquiv>
        </Word>
        <Word id="w286">
          <Coords points="573,2506 604,2506 604,2550 573,2550"/>
          <Glyph id="c726">
            <Coords points="573,2506 587,2506 587,2550 573,2550"/>
            <TextEquiv>
              <Unicode>i</Unicode>
            </TextEquiv>
          </Glyph>
          <Glyph id="c727">
            <Coords points="588,2506 604,2506 604,2550 588,2550"/>
            <TextEquiv>
              <Unicode>t</Unicode>
            </TextEquiv>
          </Glyph>
          <TextEquiv>
            <Unicode>it</Unicode>
          </TextEquiv>
        </Word>
        <Word id="w287">
          <Coords points="628,2506 697,2506 697,2550 628,2550"/>
          <Glyph id="c728">
            <Coords points="628,2506 658,2506 658,2550 628,2550"/>
            <TextEquiv>
              <Unicode>w</Unicode>
            </TextEquiv>
          </Glyph>
          <Glyph id="c729">
            <Coords points="660,2506 681,2506 681,2550 660,2550"/>
            <TextEquiv>
              <Unicode>a</Unicode>
            </TextEquiv>
          </Glyph>
          <Glyph id="c730">
            <Coords points="682,2506 697,2506 697,2550 682,2550"/>
            <TextEquiv>
              <Unicode>s</Unicode>
            </TextEquiv>
          </Glyph>
          <TextEquiv>
            <Unicode>was</Unicode>
          </TextEquiv>
        </Word>
        <Word id="w288">
          <Coords points="714,2506 791,2506 791,2550 714,2550"/>
          <Glyph id="c731">
            <Coords points="714,2506 745,2506 745,2550 714,2550"/>
            <TextEquiv>
              <Unicode>w</Unicode>
            </TextEquiv>
          </Glyph>
          <Glyph id="c732">
            <Coords points="748,2506 767,2506 767,2550 748,2550"/>
            <TextEquiv>
              <Unicode>o</Unicode>
            </TextEquiv>
          </Glyph>
          <Glyph id="c733">
            <Coords points="768,2506 791,2506 791,2550 768,2550"/>
            <TextEquiv>
              <Unicode>n</Unicode>
            </TextEquiv>
          </Glyph>
          <TextEquiv>
            <Unicode>won</Unicode>
          </TextEquiv>
        </Word>
        <Word id="w289">
          <Coords points="794,2506 805,2506 805,2550 794,2550"/>
          <Glyph id="c734">
            <Coords points="794,2506 805,2506 805,2550 794,2550"/>
            <TextEquiv>
              <Unicode>-</Unicode>
            </TextEquiv>
          </Glyph>
          <TextEquiv>
            <Unicode>-</Unicode>
          </TextEquiv>
        </Word>
        <Word id="w290">
          <Coords points="810,2506 871,2506 871,2550 810,2550"/>
          <Glyph id="c735">
            <Coords points="810,2506 831,2506 831,2550 810,2550"/>
            <TextEquiv>
              <Unicode>d</Unicode>
            </TextEquiv>
          </Glyph>
          <Glyph id="c736">
            <Coords points="833,2506 850,2506 850,2550 833,2550"/>
            <TextEquiv>
              <Unicode>e</Unicode>
            </TextEquiv>
          </Glyph>
          <Glyph id="c737">
            <Coords points="853,2506 871,2506 871,2550 853,2550"/>
            <TextEquiv>
              <Unicode>r</Unicode>
            </TextEquiv>
          </Glyph>
          <TextEquiv>
            <Unicode>der</Unicode>
          </TextEquiv>
        </Word>
        <Word id="w291">
          <Coords points="875,2506 886,2506 886,2550 875,2550"/>
          <Glyph id="c738">
            <Coords points="875,2506 886,2506 886,2550 875,2550"/>
            <TextEquiv>
              <Unicode>-</Unicode>
            </TextEquiv>
          </Glyph>
          <TextEquiv>
            <Unicode>-</Unicode>
          </TextEquiv>
        </Word>
        <Word id="w292">
          <Coords points="890,2506 943,2506 943,2550 890,2550"/>
          <Glyph id="c739">
            <Coords points="890,2506 907,2506 907,2550 890,2550"/>
            <TextEquiv>
              <Unicode>f</Unicode>
            </TextEquiv>
          </Glyph>
          <Glyph id="c740">
            <Coords points="906,2506 928,2506 928,2550 906,2550"/>
            <TextEquiv>
              <Unicode>u</Unicode>
            </TextEquiv>
          </Glyph>
          <Glyph id="c741">
            <Coords points="931,2506 943,2506 943,2550 931,2550"/>
            <TextEquiv>
              <Unicode>l</Unicode>
            </TextEquiv>
          </Glyph>
          <TextEquiv>
            <Unicode>ful</Unicode>
          </TextEquiv>
        </Word>
        <Word id="w293">
          <Coords points="954,2506 961,2506 961,2550 954,2550"/>
          <Glyph id="c742">
            <Coords points="954,2506 961,2506 961,2550 954,2550"/>
            <TextEquiv>
              <Unicode>!</Unicode>
            </TextEquiv>
          </Glyph>
          <TextEquiv>
            <Unicode>!</Unicode>
          </TextEquiv>
        </Word>
        <Word id="w294">
          <Coords points="979,2506 1070,2506 1070,2550 979,2550"/>
          <Glyph id="c743">
            <Coords points="979,2506 999,2506 999,2550 979,2550"/>
            <TextEquiv>
              <Unicode>b</Unicode>
            </TextEquiv>
          </Glyph>
          <Glyph id="c744">
            <Coords points="1003,2506 1015,2506 1015,2550 1003,2550"/>
            <TextEquiv>
              <Unicode>l</Unicode>
            </TextEquiv>
          </Glyph>
          <Glyph id="c745">
            <Coords points="1017,2506 1035,2506 1035,2550 1017,2550"/>
            <TextEquiv>
              <Unicode>e</Unicode>
            </TextEquiv>
          </Glyph>
          <Glyph id="c746">
            <Coords points="1036,2506 1050,2506 1050,2550 1036,2550"/>
            <TextEquiv>
              <Unicode>s</Unicode>
            </TextEquiv>
          </Glyph>
          <Glyph id="c747">
            <Coords points="1055,2506 1070,2506 1070,2550 1055,2550"/>
            <TextEquiv>
              <Unicode>t</Unicode>
            </TextEquiv>
          </Glyph>
          <TextEquiv>
            <Unicode>blest</Unicode>
          </TextEquiv>
        </Word>
        <Word id="w295">
          <Coords points="1088,2506 1127,2506 1127,2550 1088,2550"/>
          <Glyph id="c748">
            <Coords points="1088,2506 1108,2506 1108,2550 1088,2550"/>
            <TextEquiv>
              <Unicode>b</Unicode>
            </TextEquiv>
          </Glyph>
          <Glyph id="c749">
            <Coords points="1110,2506 1127,2506 1127,2550 1110,2550"/>
            <TextEquiv>
              <Unicode>e</Unicode>
            </TextEquiv>
          </Glyph>
          <TextEquiv>
            <Unicode>be</Unicode>
          </TextEquiv>
        </Word>
        <Word id="w296">
          <Coords points="1148,2506 1206,2506 1206,2550 1148,2550"/>
          <Glyph id="c750">
            <Coords points="1148,2506 1174,2506 1174,2550 1148,2550"/>
            <TextEquiv>
              <Unicode>H</Unicode>
            </TextEquiv>
          </Glyph>
          <Glyph id="c751">
            <Coords points="1176,2506 1189,2506 1189,2550 1176,2550"/>
            <TextEquiv>
              <Unicode>i</Unicode>
            </TextEquiv>
          </Glyph>
          <Glyph id="c752">
            <Coords points="1193,2506 1206,2506 1206,2550 1193,2550"/>
            <TextEquiv>
              <Unicode>s</Unicode>
            </TextEquiv>
          </Glyph>
          <TextEquiv>
            <Unicode>His</Unicode>
          </TextEquiv>
        </Word>
        <Word id="w297">
          <Coords points="1225,2506 1326,2506 1326,2550 1225,2550"/>
          <Glyph id="c753">
            <Coords points="1225,2506 1247,2506 1247,2550 1225,2550"/>
            <TextEquiv>
              <Unicode>n</Unicode>
            </TextEquiv>
          </Glyph>
          <Glyph id="c754">
            <Coords points="1249,2506 1270,2506 1270,2550 1249,2550"/>
            <TextEquiv>
              <Unicode>a</Unicode>
            </TextEquiv>
          </Glyph>
          <Glyph id="c755">
            <Coords points="1273,2506 1305,2506 1305,2550 1273,2550"/>
            <TextEquiv>
              <Unicode>m</Unicode>
            </TextEquiv>
          </Glyph>
          <Glyph id="c756">
            <Coords points="1309,2506 1326,2506 1326,2550 1309,2550"/>
            <TextEquiv>
              <Unicode>e</Unicode>
            </TextEquiv>
          </Glyph>
          <TextEquiv>
            <Unicode>name</Unicode>
          </TextEquiv>
        </Word>
        <Word id="w298">
          <Coords points="1336,2506 1343,2506 1343,2550 1336,2550"/>
          <Glyph id="c757">
            <Coords points="1336,2506 1343,2506 1343,2550 1336,2550"/>
            <TextEquiv>
              <Unicode>!</Unicode>
            </TextEquiv>
          </Glyph>
          <TextEquiv>
            <Unicode>!</Unicode>
          </TextEquiv>
        </Word>
        <Word id="w299">
          <Coords points="1365,2506 1515,2506 1515,2550 1365,2550"/>
          <Glyph id="c758">
            <Coords points="1365,2506 1383,2506 1383,2550 1365,2550"/>
            <TextEquiv>
              <Unicode>S</Unicode>
            </TextEquiv>
          </Glyph>
          <Glyph id="c759">
            <Coords points="1388,2506 1405,2506 1405,2550 1388,2550"/>
            <TextEquiv>
              <Unicode>e</Unicode>
            </TextEquiv>
          </Glyph>
          <Glyph id="c760">
            <Coords points="1407,2506 1425,2506 1425,2550 1407,2550"/>
            <TextEquiv>
              <Unicode>e</Unicode>
            </TextEquiv>
          </Glyph>
          <Glyph id="c761">
            <Coords points="1428,2506 1451,2506 1451,2550 1428,2550"/>
            <TextEquiv>
              <Unicode>k</Unicode>
            </TextEquiv>
          </Glyph>
          <Glyph id="c762">
            <Coords points="1453,2506 1466,2506 1466,2550 1453,2550"/>
            <TextEquiv>
              <Unicode>i</Unicode>
            </TextEquiv>
          </Glyph>
          <Glyph id="c763">
            <Coords points="1469,2506 1492,2506 1492,2550 1469,2550"/>
            <TextEquiv>
              <Unicode>n</Unicode>
            </TextEquiv>
          </Glyph>
          <Glyph id="c764">
            <Coords points="1495,2506 1515,2506 1515,2550 1495,2550"/>
            <TextEquiv>
              <Unicode>g</Unicode>
            </TextEquiv>
          </Glyph>
          <TextEquiv>
            <Unicode>Seeking</Unicode>
          </TextEquiv>
        </Word>
        <Word id="w300">
          <Coords points="1529,2506 1583,2506 1583,2550 1529,2550"/>
          <Glyph id="c765">
            <Coords points="1529,2506 1546,2506 1546,2550 1529,2550"/>
            <TextEquiv>
              <Unicode>f</Unicode>
            </TextEquiv>
          </Glyph>
          <Glyph id="c766">
            <Coords points="1547,2506 1564,2506 1564,2550 1547,2550"/>
            <TextEquiv>
              <Unicode>o</Unicode>
            </TextEquiv>
          </Glyph>
          <Glyph id="c767">
            <Coords points="1566,2506 1583,2506 1583,2550 1566,2550"/>
            <TextEquiv>
              <Unicode>r</Unicode>
            </TextEquiv>
          </Glyph>
          <TextEquiv>
            <Unicode>for</Unicode>
          </TextEquiv>
        </Word>
        <Word id="w301">
          <Coords points="1599,2506 1652,2506 1652,2550 1599,2550"/>
          <Glyph id="c768">
            <Coords points="1599,2506 1634,2506 1634,2550 1599,2550"/>
            <TextEquiv>
              <Unicode>m</Unicode>
            </TextEquiv>
          </Glyph>
          <Glyph id="c769">
            <Coords points="1636,2506 1652,2506 1652,2550 1636,2550"/>
            <TextEquiv>
              <Unicode>e</Unicode>
            </TextEquiv>
          </Glyph>
          <TextEquiv>
            <Unicode>me</Unicode>
          </TextEquiv>
        </Word>
        <Word id="w302">
          <Coords points="1659,2506 1665,2506 1665,2550 1659,2550"/>
          <Glyph id="c770">
            <Coords points="1659,2506 1665,2506 1665,2550 1659,2550"/>
            <TextEquiv>
              <Unicode>,</Unicode>
            </TextEquiv>
          </Glyph>
          <TextEquiv>
            <Unicode>,</Unicode>
          </TextEquiv>
        </Word>
        <Word id="w303">
          <Coords points="1683,2506 1738,2506 1738,2550 1683,2550"/>
          <Glyph id="c771">
            <Coords points="1683,2506 1700,2506 1700,2550 1683,2550"/>
            <TextEquiv>
              <Unicode>f</Unicode>
            </TextEquiv>
          </Glyph>
          <Glyph id="c772">
            <Coords points="1698,2506 1716,2506 1716,2550 1698,2550"/>
            <TextEquiv>
              <Unicode>o</Unicode>
            </TextEquiv>
          </Glyph>
          <Glyph id="c773">
            <Coords points="1719,2506 1738,2506 1738,2550 1719,2550"/>
            <TextEquiv>
              <Unicode>r</Unicode>
            </TextEquiv>
          </Glyph>
          <TextEquiv>
            <Unicode>for</Unicode>
          </TextEquiv>
        </Word>
        <TextEquiv>
          <Unicode/>
        </TextEquiv>
      </TextLine>
      <TextLine id="l45">
        <Coords points="466,2561 1738,2561 1738,2605 466,2605"/>
        <Word id="w304">
          <Coords points="466,2561 514,2561 514,2605 466,2605"/>
          <Glyph id="c774">
            <Coords points="466,2561 489,2561 489,2605 466,2605"/>
            <TextEquiv>
              <Unicode>O</Unicode>
            </TextEquiv>
          </Glyph>
          <Glyph id="c775">
            <Coords points="491,2561 514,2561 514,2605 491,2605"/>
            <TextEquiv>
              <Unicode>h</Unicode>
            </TextEquiv>
          </Glyph>
          <TextEquiv>
            <Unicode>Oh</Unicode>
          </TextEquiv>
        </Word>
        <Word id="w305">
          <Coords points="520,2561 528,2561 528,2605 520,2605"/>
          <Glyph id="c776">
            <Coords points="520,2561 528,2561 528,2605 520,2605"/>
            <TextEquiv>
              <Unicode>,</Unicode>
            </TextEquiv>
          </Glyph>
          <TextEquiv>
            <Unicode>,</Unicode>
          </TextEquiv>
        </Word>
        <Word id="w306">
          <Coords points="573,2561 603,2561 603,2605 573,2605"/>
          <Glyph id="c777">
            <Coords points="573,2561 586,2561 586,2605 573,2605"/>
            <TextEquiv>
              <Unicode>i</Unicode>
            </TextEquiv>
          </Glyph>
          <Glyph id="c778">
            <Coords points="588,2561 603,2561 603,2605 588,2605"/>
            <TextEquiv>
              <Unicode>t</Unicode>
            </TextEquiv>
          </Glyph>
          <TextEquiv>
            <Unicode>it</Unicode>
          </TextEquiv>
        </Word>
        <Word id="w307">
          <Coords points="628,2561 699,2561 699,2605 628,2605"/>
          <Glyph id="c779">
            <Coords points="628,2561 658,2561 658,2605 628,2605"/>
            <TextEquiv>
              <Unicode>w</Unicode>
            </TextEquiv>
          </Glyph>
          <Glyph id="c780">
            <Coords points="660,2561 681,2561 681,2605 660,2605"/>
            <TextEquiv>
              <Unicode>a</Unicode>
            </TextEquiv>
          </Glyph>
          <Glyph id="c781">
            <Coords points="683,2561 699,2561 699,2605 683,2605"/>
            <TextEquiv>
              <Unicode>s</Unicode>
            </TextEquiv>
          </Glyph>
          <TextEquiv>
            <Unicode>was</Unicode>
          </TextEquiv>
        </Word>
        <Word id="w308">
          <Coords points="715,2561 791,2561 791,2605 715,2605"/>
          <Glyph id="c782">
            <Coords points="715,2561 747,2561 747,2605 715,2605"/>
            <TextEquiv>
              <Unicode>w</Unicode>
            </TextEquiv>
          </Glyph>
          <Glyph id="c783">
            <Coords points="748,2561 767,2561 767,2605 748,2605"/>
            <TextEquiv>
              <Unicode>o</Unicode>
            </TextEquiv>
          </Glyph>
          <Glyph id="c784">
            <Coords points="769,2561 791,2561 791,2605 769,2605"/>
            <TextEquiv>
              <Unicode>n</Unicode>
            </TextEquiv>
          </Glyph>
          <TextEquiv>
            <Unicode>won</Unicode>
          </TextEquiv>
        </Word>
        <Word id="w309">
          <Coords points="795,2561 806,2561 806,2605 795,2605"/>
          <Glyph id="c785">
            <Coords points="795,2561 806,2561 806,2605 795,2605"/>
            <TextEquiv>
              <Unicode>-</Unicode>
            </TextEquiv>
          </Glyph>
          <TextEquiv>
            <Unicode>-</Unicode>
          </TextEquiv>
        </Word>
        <Word id="w310">
          <Coords points="811,2561 872,2561 872,2605 811,2605"/>
          <Glyph id="c786">
            <Coords points="811,2561 831,2561 831,2605 811,2605"/>
            <TextEquiv>
              <Unicode>d</Unicode>
            </TextEquiv>
          </Glyph>
          <Glyph id="c787">
            <Coords points="834,2561 851,2561 851,2605 834,2605"/>
            <TextEquiv>
              <Unicode>e</Unicode>
            </TextEquiv>
          </Glyph>
          <Glyph id="c788">
            <Coords points="855,2561 872,2561 872,2605 855,2605"/>
            <TextEquiv>
              <Unicode>r</Unicode>
            </TextEquiv>
          </Glyph>
          <TextEquiv>
            <Unicode>der</Unicode>
          </TextEquiv>
        </Word>
        <Word id="w311">
          <Coords points="876,2561 887,2561 887,2605 876,2605"/>
          <Glyph id="c789">
            <Coords points="876,2561 887,2561 887,2605 876,2605"/>
            <TextEquiv>
              <Unicode>-</Unicode>
            </TextEquiv>
          </Glyph>
          <TextEquiv>
            <Unicode>-</Unicode>
          </TextEquiv>
        </Word>
        <Word id="w312">
          <Coords points="890,2561 943,2561 943,2605 890,2605"/>
          <Glyph id="c790">
            <Coords points="890,2561 907,2561 907,2605 890,2605"/>
            <TextEquiv>
              <Unicode>f</Unicode>
            </TextEquiv>
          </Glyph>
          <Glyph id="c791">
            <Coords points="907,2561 929,2561 929,2605 907,2605"/>
            <TextEquiv>
              <Unicode>u</Unicode>
            </TextEquiv>
          </Glyph>
          <Glyph id="c792">
            <Coords points="932,2561 943,2561 943,2605 932,2605"/>
            <TextEquiv>
              <Unicode>l</Unicode>
            </TextEquiv>
          </Glyph>
          <TextEquiv>
            <Unicode>ful</Unicode>
          </TextEquiv>
        </Word>
        <Word id="w313">
          <Coords points="952,2561 959,2561 959,2605 952,2605"/>
          <Glyph id="c793">
            <Coords points="952,2561 959,2561 959,2605 952,2605"/>
            <TextEquiv>
              <Unicode>!</Unicode>
            </TextEquiv>
          </Glyph>
          <TextEquiv>
            <Unicode>!</Unicode>
          </TextEquiv>
        </Word>
        <Word id="w314">
          <Coords points="979,2561 1056,2561 1056,2605 979,2605"/>
          <Glyph id="c794">
            <Coords points="979,2561 1002,2561 1002,2605 979,2605"/>
            <TextEquiv>
              <Unicode>h</Unicode>
            </TextEquiv>
          </Glyph>
          <Glyph id="c795">
            <Coords points="1005,2561 1023,2561 1023,2605 1005,2605"/>
            <TextEquiv>
              <Unicode>o</Unicode>
            </TextEquiv>
          </Glyph>
          <Glyph id="c796">
            <Coords points="1025,2561 1056,2561 1056,2605 1025,2605"/>
            <TextEquiv>
              <Unicode>w</Unicode>
            </TextEquiv>
          </Glyph>
          <TextEquiv>
            <Unicode>how</Unicode>
          </TextEquiv>
        </Word>
        <Word id="w315">
          <Coords points="1073,2561 1173,2561 1173,2605 1073,2605"/>
          <Glyph id="c797">
            <Coords points="1073,2561 1089,2561 1089,2605 1073,2605"/>
            <TextEquiv>
              <Unicode>c</Unicode>
            </TextEquiv>
          </Glyph>
          <Glyph id="c798">
            <Coords points="1093,2561 1110,2561 1110,2605 1093,2605"/>
            <TextEquiv>
              <Unicode>o</Unicode>
            </TextEquiv>
          </Glyph>
          <Glyph id="c799">
            <Coords points="1113,2561 1134,2561 1134,2605 1113,2605"/>
            <TextEquiv>
              <Unicode>u</Unicode>
            </TextEquiv>
          </Glyph>
          <Glyph id="c800">
            <Coords points="1137,2561 1150,2561 1150,2605 1137,2605"/>
            <TextEquiv>
              <Unicode>l</Unicode>
            </TextEquiv>
          </Glyph>
          <Glyph id="c801">
            <Coords points="1153,2561 1173,2561 1173,2605 1153,2605"/>
            <TextEquiv>
              <Unicode>d</Unicode>
            </TextEquiv>
          </Glyph>
          <TextEquiv>
            <Unicode>could</Unicode>
          </TextEquiv>
        </Word>
        <Word id="w316">
          <Coords points="1191,2561 1219,2561 1219,2605 1191,2605"/>
          <Glyph id="c802">
            <Coords points="1191,2561 1202,2561 1202,2605 1191,2605"/>
            <TextEquiv>
              <Unicode>i</Unicode>
            </TextEquiv>
          </Glyph>
          <Glyph id="c803">
            <Coords points="1205,2561 1219,2561 1219,2605 1205,2605"/>
            <TextEquiv>
              <Unicode>t</Unicode>
            </TextEquiv>
          </Glyph>
          <TextEquiv>
            <Unicode>it</Unicode>
          </TextEquiv>
        </Word>
        <Word id="w317">
          <Coords points="1246,2561 1285,2561 1285,2605 1246,2605"/>
          <Glyph id="c804">
            <Coords points="1246,2561 1264,2561 1264,2605 1246,2605"/>
            <TextEquiv>
              <Unicode>b</Unicode>
            </TextEquiv>
          </Glyph>
          <Glyph id="c805">
            <Coords points="1268,2561 1285,2561 1285,2605 1268,2605"/>
            <TextEquiv>
              <Unicode>e</Unicode>
            </TextEquiv>
          </Glyph>
          <TextEquiv>
            <Unicode>be</Unicode>
          </TextEquiv>
        </Word>
        <Word id="w318">
          <Coords points="1296,2561 1312,2561 1312,2605 1296,2605"/>
          <Glyph id="c806">
            <Coords points="1296,2561 1312,2561 1312,2605 1296,2605"/>
            <TextEquiv>
              <Unicode>?</Unicode>
            </TextEquiv>
          </Glyph>
          <TextEquiv>
            <Unicode>?</Unicode>
          </TextEquiv>
        </Word>
        <Word id="w319">
          <Coords points="1361,2561 1413,2561 1413,2605 1361,2605"/>
          <Glyph id="c807">
            <Coords points="1361,2561 1389,2561 1389,2605 1361,2605"/>
            <TextEquiv>
              <Unicode>D</Unicode>
            </TextEquiv>
          </Glyph>
          <Glyph id="c808">
            <Coords points="1391,2561 1413,2561 1413,2605 1391,2605"/>
            <TextEquiv>
              <Unicode>y</Unicode>
            </TextEquiv>
          </Glyph>
          <TextEquiv>
            <Unicode>Dy</Unicode>
          </TextEquiv>
        </Word>
        <Word id="w320">
          <Coords points="1426,2561 1438,2561 1438,2605 1426,2605"/>
          <Glyph id="c809">
            <Coords points="1426,2561 1438,2561 1438,2605 1426,2605"/>
            <TextEquiv>
              <Unicode>-</Unicode>
            </TextEquiv>
          </Glyph>
          <TextEquiv>
            <Unicode>-</Unicode>
          </TextEquiv>
        </Word>
        <Word id="w321">
          <Coords points="1452,2561 1515,2561 1515,2605 1452,2605"/>
          <Glyph id="c810">
            <Coords points="1452,2561 1465,2561 1465,2605 1452,2605"/>
            <TextEquiv>
              <Unicode>i</Unicode>
            </TextEquiv>
          </Glyph>
          <Glyph id="c811">
            <Coords points="1469,2561 1490,2561 1490,2605 1469,2605"/>
            <TextEquiv>
              <Unicode>n</Unicode>
            </TextEquiv>
          </Glyph>
          <Glyph id="c812">
            <Coords points="1495,2561 1515,2561 1515,2605 1495,2605"/>
            <TextEquiv>
              <Unicode>g</Unicode>
            </TextEquiv>
          </Glyph>
          <TextEquiv>
            <Unicode>ing</Unicode>
          </TextEquiv>
        </Word>
        <Word id="w322">
          <Coords points="1529,2561 1584,2561 1584,2605 1529,2605"/>
          <Glyph id="c813">
            <Coords points="1529,2561 1547,2561 1547,2605 1529,2605"/>
            <TextEquiv>
              <Unicode>f</Unicode>
            </TextEquiv>
          </Glyph>
          <Glyph id="c814">
            <Coords points="1546,2561 1561,2561 1561,2605 1546,2605"/>
            <TextEquiv>
              <Unicode>o</Unicode>
            </TextEquiv>
          </Glyph>
          <Glyph id="c815">
            <Coords points="1566,2561 1584,2561 1584,2605 1566,2605"/>
            <TextEquiv>
              <Unicode>r</Unicode>
            </TextEquiv>
          </Glyph>
          <TextEquiv>
            <Unicode>for</Unicode>
          </TextEquiv>
        </Word>
        <Word id="w323">
          <Coords points="1597,2561 1651,2561 1651,2605 1597,2605"/>
          <Glyph id="c816">
            <Coords points="1597,2561 1630,2561 1630,2605 1597,2605"/>
            <TextEquiv>
              <Unicode>m</Unicode>
            </TextEquiv>
          </Glyph>
          <Glyph id="c817">
            <Coords points="1634,2561 1651,2561 1651,2605 1634,2605"/>
            <TextEquiv>
              <Unicode>e</Unicode>
            </TextEquiv>
          </Glyph>
          <TextEquiv>
            <Unicode>me</Unicode>
          </TextEquiv>
        </Word>
        <Word id="w324">
          <Coords points="1656,2561 1662,2561 1662,2605 1656,2605"/>
          <Glyph id="c818">
            <Coords points="1656,2561 1662,2561 1662,2605 1656,2605"/>
            <TextEquiv>
              <Unicode>,</Unicode>
            </TextEquiv>
          </Glyph>
          <TextEquiv>
            <Unicode>,</Unicode>
          </TextEquiv>
        </Word>
        <Word id="w325">
          <Coords points="1682,2561 1738,2561 1738,2605 1682,2605"/>
          <Glyph id="c819">
            <Coords points="1682,2561 1702,2561 1702,2605 1682,2605"/>
            <TextEquiv>
              <Unicode>f</Unicode>
            </TextEquiv>
          </Glyph>
          <Glyph id="c820">
            <Coords points="1698,2561 1716,2561 1716,2605 1698,2605"/>
            <TextEquiv>
              <Unicode>o</Unicode>
            </TextEquiv>
          </Glyph>
          <Glyph id="c821">
            <Coords points="1718,2561 1738,2561 1738,2605 1718,2605"/>
            <TextEquiv>
              <Unicode>r</Unicode>
            </TextEquiv>
          </Glyph>
          <TextEquiv>
            <Unicode>for</Unicode>
          </TextEquiv>
        </Word>
        <TextEquiv>
          <Unicode/>
        </TextEquiv>
      </TextLine>
      <TextLine id="l46">
        <Coords points="467,2614 1737,2614 1737,2660 467,2660"/>
        <Word id="w326">
          <Coords points="467,2614 595,2614 595,2660 467,2660"/>
          <Glyph id="c822">
            <Coords points="467,2614 492,2614 492,2660 467,2660"/>
            <TextEquiv>
              <Unicode>G</Unicode>
            </TextEquiv>
          </Glyph>
          <Glyph id="c823">
            <Coords points="494,2614 512,2614 512,2660 494,2660"/>
            <TextEquiv>
              <Unicode>e</Unicode>
            </TextEquiv>
          </Glyph>
          <Glyph id="c824">
            <Coords points="514,2614 537,2614 537,2660 514,2660"/>
            <TextEquiv>
              <Unicode>n</Unicode>
            </TextEquiv>
          </Glyph>
          <Glyph id="c825">
            <Coords points="540,2614 556,2614 556,2660 540,2660"/>
            <TextEquiv>
              <Unicode>t</Unicode>
            </TextEquiv>
          </Glyph>
          <Glyph id="c826">
            <Coords points="558,2614 573,2614 573,2660 558,2660"/>
            <TextEquiv>
              <Unicode>l</Unicode>
            </TextEquiv>
          </Glyph>
          <Glyph id="c827">
            <Coords points="572,2614 595,2614 595,2660 572,2660"/>
            <TextEquiv>
              <Unicode>y</Unicode>
            </TextEquiv>
          </Glyph>
          <TextEquiv>
            <Unicode>Gently</Unicode>
          </TextEquiv>
        </Word>
        <Word id="w327">
          <Coords points="612,2614 682,2614 682,2660 612,2660"/>
          <Glyph id="c828">
            <Coords points="612,2614 632,2614 632,2660 612,2660"/>
            <TextEquiv>
              <Unicode>a</Unicode>
            </TextEquiv>
          </Glyph>
          <Glyph id="c829">
            <Coords points="634,2614 657,2614 657,2660 634,2660"/>
            <TextEquiv>
              <Unicode>n</Unicode>
            </TextEquiv>
          </Glyph>
          <Glyph id="c830">
            <Coords points="660,2614 682,2614 682,2660 660,2660"/>
            <TextEquiv>
              <Unicode>d</Unicode>
            </TextEquiv>
          </Glyph>
          <TextEquiv>
            <Unicode>and</Unicode>
          </TextEquiv>
        </Word>
        <Word id="w328">
          <Coords points="698,2614 782,2614 782,2660 698,2660"/>
          <Glyph id="c831">
            <Coords points="698,2614 712,2614 712,2660 698,2660"/>
            <TextEquiv>
              <Unicode>l</Unicode>
            </TextEquiv>
          </Glyph>
          <Glyph id="c832">
            <Coords points="714,2614 732,2614 732,2660 714,2660"/>
            <TextEquiv>
              <Unicode>o</Unicode>
            </TextEquiv>
          </Glyph>
          <Glyph id="c833">
            <Coords points="735,2614 758,2614 758,2660 735,2660"/>
            <TextEquiv>
              <Unicode>n</Unicode>
            </TextEquiv>
          </Glyph>
          <Glyph id="c834">
            <Coords points="760,2614 782,2614 782,2660 760,2660"/>
            <TextEquiv>
              <Unicode>g</Unicode>
            </TextEquiv>
          </Glyph>
          <TextEquiv>
            <Unicode>long</Unicode>
          </TextEquiv>
        </Word>
        <Word id="w329">
          <Coords points="798,2614 844,2614 844,2660 798,2660"/>
          <Glyph id="c835">
            <Coords points="798,2614 826,2614 826,2660 798,2660"/>
            <TextEquiv>
              <Unicode>H</Unicode>
            </TextEquiv>
          </Glyph>
          <Glyph id="c836">
            <Coords points="827,2614 844,2614 844,2660 827,2660"/>
            <TextEquiv>
              <Unicode>e</Unicode>
            </TextEquiv>
          </Glyph>
          <TextEquiv>
            <Unicode>He</Unicode>
          </TextEquiv>
        </Word>
        <Word id="w330">
          <Coords points="862,2614 950,2614 950,2660 862,2660"/>
          <Glyph id="c837">
            <Coords points="862,2614 884,2614 884,2660 862,2660"/>
            <TextEquiv>
              <Unicode>h</Unicode>
            </TextEquiv>
          </Glyph>
          <Glyph id="c838">
            <Coords points="887,2614 907,2614 907,2660 887,2660"/>
            <TextEquiv>
              <Unicode>a</Unicode>
            </TextEquiv>
          </Glyph>
          <Glyph id="c839">
            <Coords points="908,2614 923,2614 923,2660 908,2660"/>
            <TextEquiv>
              <Unicode>t</Unicode>
            </TextEquiv>
          </Glyph>
          <Glyph id="c840">
            <Coords points="928,2614 950,2614 950,2660 928,2660"/>
            <TextEquiv>
              <Unicode>h</Unicode>
            </TextEquiv>
          </Glyph>
          <TextEquiv>
            <Unicode>hath</Unicode>
          </TextEquiv>
        </Word>
        <Word id="w331">
          <Coords points="963,2614 1065,2614 1065,2660 963,2660"/>
          <Glyph id="c841">
            <Coords points="963,2614 984,2614 984,2660 963,2660"/>
            <TextEquiv>
              <Unicode>p</Unicode>
            </TextEquiv>
          </Glyph>
          <Glyph id="c842">
            <Coords points="988,2614 999,2614 999,2660 988,2660"/>
            <TextEquiv>
              <Unicode>l</Unicode>
            </TextEquiv>
          </Glyph>
          <Glyph id="c843">
            <Coords points="1002,2614 1019,2614 1019,2660 1002,2660"/>
            <TextEquiv>
              <Unicode>e</Unicode>
            </TextEquiv>
          </Glyph>
          <Glyph id="c844">
            <Coords points="1021,2614 1040,2614 1040,2660 1021,2660"/>
            <TextEquiv>
              <Unicode>a</Unicode>
            </TextEquiv>
          </Glyph>
          <Glyph id="c845">
            <Coords points="1044,2614 1065,2614 1065,2660 1044,2660"/>
            <TextEquiv>
              <Unicode>d</Unicode>
            </TextEquiv>
          </Glyph>
          <TextEquiv>
            <Unicode>plead</Unicode>
          </TextEquiv>
        </Word>
        <Word id="w332">
          <Coords points="1080,2614 1166,2614 1166,2660 1080,2660"/>
          <Glyph id="c846">
            <Coords points="1080,2614 1108,2614 1108,2660 1080,2660"/>
            <TextEquiv>
              <Unicode>w</Unicode>
            </TextEquiv>
          </Glyph>
          <Glyph id="c847">
            <Coords points="1112,2614 1122,2614 1122,2660 1112,2660"/>
            <TextEquiv>
              <Unicode>i</Unicode>
            </TextEquiv>
          </Glyph>
          <Glyph id="c848">
            <Coords points="1126,2614 1139,2614 1139,2660 1126,2660"/>
            <TextEquiv>
              <Unicode>t</Unicode>
            </TextEquiv>
          </Glyph>
          <Glyph id="c849">
            <Coords points="1145,2614 1166,2614 1166,2660 1145,2660"/>
            <TextEquiv>
              <Unicode>h</Unicode>
            </TextEquiv>
          </Glyph>
          <TextEquiv>
            <Unicode>with</Unicode>
          </TextEquiv>
        </Word>
        <Word id="w333">
          <Coords points="1182,2614 1240,2614 1240,2660 1182,2660"/>
          <Glyph id="c850">
            <Coords points="1182,2614 1214,2614 1214,2660 1182,2660"/>
            <TextEquiv>
              <Unicode>m</Unicode>
            </TextEquiv>
          </Glyph>
          <Glyph id="c851">
            <Coords points="1218,2614 1240,2614 1240,2660 1218,2660"/>
            <TextEquiv>
              <Unicode>y</Unicode>
            </TextEquiv>
          </Glyph>
          <TextEquiv>
            <Unicode>my</Unicode>
          </TextEquiv>
        </Word>
        <Word id="w334">
          <Coords points="1254,2614 1330,2614 1330,2660 1254,2660"/>
          <Glyph id="c852">
            <Coords points="1254,2614 1268,2614 1268,2660 1254,2660"/>
            <TextEquiv>
              <Unicode>s</Unicode>
            </TextEquiv>
          </Glyph>
          <Glyph id="c853">
            <Coords points="1273,2614 1290,2614 1290,2660 1273,2660"/>
            <TextEquiv>
              <Unicode>o</Unicode>
            </TextEquiv>
          </Glyph>
          <Glyph id="c854">
            <Coords points="1293,2614 1314,2614 1314,2660 1293,2660"/>
            <TextEquiv>
              <Unicode>u</Unicode>
            </TextEquiv>
          </Glyph>
          <Glyph id="c855">
            <Coords points="1318,2614 1330,2614 1330,2660 1318,2660"/>
            <TextEquiv>
              <Unicode>l</Unicode>
            </TextEquiv>
          </Glyph>
          <TextEquiv>
            <Unicode>soul</Unicode>
          </TextEquiv>
        </Word>
        <Word id="w335">
          <Coords points="1336,2614 1343,2614 1343,2660 1336,2660"/>
          <Glyph id="c856">
            <Coords points="1336,2614 1343,2614 1343,2660 1336,2660"/>
            <TextEquiv>
              <Unicode>,</Unicode>
            </TextEquiv>
          </Glyph>
          <TextEquiv>
            <Unicode>,</Unicode>
          </TextEquiv>
        </Word>
        <Word id="w336">
          <Coords points="1364,2614 1505,2614 1505,2660 1364,2660"/>
          <Glyph id="c857">
            <Coords points="1364,2614 1386,2614 1386,2660 1364,2660"/>
            <TextEquiv>
              <Unicode>C</Unicode>
            </TextEquiv>
          </Glyph>
          <Glyph id="c858">
            <Coords points="1390,2614 1409,2614 1409,2660 1390,2660"/>
            <TextEquiv>
              <Unicode>a</Unicode>
            </TextEquiv>
          </Glyph>
          <Glyph id="c859">
            <Coords points="1412,2614 1424,2614 1424,2660 1412,2660"/>
            <TextEquiv>
              <Unicode>l</Unicode>
            </TextEquiv>
          </Glyph>
          <Glyph id="c860">
            <Coords points="1426,2614 1439,2614 1439,2660 1426,2660"/>
            <TextEquiv>
              <Unicode>l</Unicode>
            </TextEquiv>
          </Glyph>
          <Glyph id="c861">
            <Coords points="1441,2614 1454,2614 1454,2660 1441,2660"/>
            <TextEquiv>
              <Unicode>i</Unicode>
            </TextEquiv>
          </Glyph>
          <Glyph id="c862">
            <Coords points="1458,2614 1481,2614 1481,2660 1458,2660"/>
            <TextEquiv>
              <Unicode>n</Unicode>
            </TextEquiv>
          </Glyph>
          <Glyph id="c863">
            <Coords points="1484,2614 1505,2614 1505,2660 1484,2660"/>
            <TextEquiv>
              <Unicode>g</Unicode>
            </TextEquiv>
          </Glyph>
          <TextEquiv>
            <Unicode>Calling</Unicode>
          </TextEquiv>
        </Word>
        <Word id="w337">
          <Coords points="1529,2614 1584,2614 1584,2660 1529,2660"/>
          <Glyph id="c864">
            <Coords points="1529,2614 1547,2614 1547,2660 1529,2660"/>
            <TextEquiv>
              <Unicode>f</Unicode>
            </TextEquiv>
          </Glyph>
          <Glyph id="c865">
            <Coords points="1546,2614 1563,2614 1563,2660 1546,2660"/>
            <TextEquiv>
              <Unicode>o</Unicode>
            </TextEquiv>
          </Glyph>
          <Glyph id="c866">
            <Coords points="1566,2614 1584,2614 1584,2660 1566,2660"/>
            <TextEquiv>
              <Unicode>r</Unicode>
            </TextEquiv>
          </Glyph>
          <TextEquiv>
            <Unicode>for</Unicode>
          </TextEquiv>
        </Word>
        <Word id="w338">
          <Coords points="1597,2614 1652,2614 1652,2660 1597,2660"/>
          <Glyph id="c867">
            <Coords points="1597,2614 1630,2614 1630,2660 1597,2660"/>
            <TextEquiv>
              <Unicode>m</Unicode>
            </TextEquiv>
          </Glyph>
          <Glyph id="c868">
            <Coords points="1635,2614 1652,2614 1652,2660 1635,2660"/>
            <TextEquiv>
              <Unicode>e</Unicode>
            </TextEquiv>
          </Glyph>
          <TextEquiv>
            <Unicode>me</Unicode>
          </TextEquiv>
        </Word>
        <Word id="w339">
          <Coords points="1657,2614 1664,2614 1664,2660 1657,2660"/>
          <Glyph id="c869">
            <Coords points="1657,2614 1664,2614 1664,2660 1657,2660"/>
            <TextEquiv>
              <Unicode>,</Unicode>
            </TextEquiv>
          </Glyph>
          <TextEquiv>
            <Unicode>,</Unicode>
          </TextEquiv>
        </Word>
        <Word id="w340">
          <Coords points="1682,2614 1737,2614 1737,2660 1682,2660"/>
          <Glyph id="c870">
            <Coords points="1682,2614 1699,2614 1699,2660 1682,2660"/>
            <TextEquiv>
              <Unicode>f</Unicode>
            </TextEquiv>
          </Glyph>
          <Glyph id="c871">
            <Coords points="1697,2614 1714,2614 1714,2660 1697,2660"/>
            <TextEquiv>
              <Unicode>o</Unicode>
            </TextEquiv>
          </Glyph>
          <Glyph id="c872">
            <Coords points="1717,2614 1737,2614 1737,2660 1717,2660"/>
            <TextEquiv>
              <Unicode>r</Unicode>
            </TextEquiv>
          </Glyph>
          <TextEquiv>
            <Unicode>for</Unicode>
          </TextEquiv>
        </Word>
        <TextEquiv>
          <Unicode/>
        </TextEquiv>
      </TextLine>
      <TextLine id="l47">
        <Coords points="465,2668 1846,2668 1846,2715 465,2715"/>
        <Word id="w341">
          <Coords points="465,2668 516,2668 516,2715 465,2715"/>
          <Glyph id="c873">
            <Coords points="465,2668 488,2668 488,2715 465,2715"/>
            <TextEquiv>
              <Unicode>O</Unicode>
            </TextEquiv>
          </Glyph>
          <Glyph id="c874">
            <Coords points="492,2668 516,2668 516,2715 492,2715"/>
            <TextEquiv>
              <Unicode>h</Unicode>
            </TextEquiv>
          </Glyph>
          <TextEquiv>
            <Unicode>Oh</Unicode>
          </TextEquiv>
        </Word>
        <Word id="w342">
          <Coords points="520,2668 528,2668 528,2715 520,2715"/>
          <Glyph id="c875">
            <Coords points="520,2668 528,2668 528,2715 520,2715"/>
            <TextEquiv>
              <Unicode>,</Unicode>
            </TextEquiv>
          </Glyph>
          <TextEquiv>
            <Unicode>,</Unicode>
          </TextEquiv>
        </Word>
        <Word id="w343">
          <Coords points="571,2668 590,2668 590,2715 571,2715"/>
          <Glyph id="c876">
            <Coords points="571,2668 590,2668 590,2715 571,2715"/>
            <TextEquiv>
              <Unicode>I</Unicode>
            </TextEquiv>
          </Glyph>
          <TextEquiv>
            <Unicode>I</Unicode>
          </TextEquiv>
        </Word>
        <Word id="w344">
          <Coords points="613,2668 707,2668 707,2715 613,2715"/>
          <Glyph id="c877">
            <Coords points="613,2668 626,2668 626,2715 613,2715"/>
            <TextEquiv>
              <Unicode>s</Unicode>
            </TextEquiv>
          </Glyph>
          <Glyph id="c878">
            <Coords points="630,2668 653,2668 653,2715 630,2715"/>
            <TextEquiv>
              <Unicode>h</Unicode>
            </TextEquiv>
          </Glyph>
          <Glyph id="c879">
            <Coords points="654,2668 676,2668 676,2715 654,2715"/>
            <TextEquiv>
              <Unicode>a</Unicode>
            </TextEquiv>
          </Glyph>
          <Glyph id="c880">
            <Coords points="678,2668 692,2668 692,2715 678,2715"/>
            <TextEquiv>
              <Unicode>l</Unicode>
            </TextEquiv>
          </Glyph>
          <Glyph id="c881">
            <Coords points="693,2668 707,2668 707,2715 693,2715"/>
            <TextEquiv>
              <Unicode>l</Unicode>
            </TextEquiv>
          </Glyph>
          <TextEquiv>
            <Unicode>shall</Unicode>
          </TextEquiv>
        </Word>
        <Word id="w345">
          <Coords points="729,2668 785,2668 785,2715 729,2715"/>
          <Glyph id="c882">
            <Coords points="729,2668 743,2668 743,2715 729,2715"/>
            <TextEquiv>
              <Unicode>s</Unicode>
            </TextEquiv>
          </Glyph>
          <Glyph id="c883">
            <Coords points="746,2668 764,2668 764,2715 746,2715"/>
            <TextEquiv>
              <Unicode>e</Unicode>
            </TextEquiv>
          </Glyph>
          <Glyph id="c884">
            <Coords points="767,2668 785,2668 785,2715 767,2715"/>
            <TextEquiv>
              <Unicode>e</Unicode>
            </TextEquiv>
          </Glyph>
          <TextEquiv>
            <Unicode>see</Unicode>
          </TextEquiv>
        </Word>
        <Word id="w346">
          <Coords points="802,2668 881,2668 881,2715 802,2715"/>
          <Glyph id="c885">
            <Coords points="802,2668 824,2668 824,2715 802,2715"/>
            <TextEquiv>
              <Unicode>H</Unicode>
            </TextEquiv>
          </Glyph>
          <Glyph id="c886">
            <Coords points="832,2668 845,2668 845,2715 832,2715"/>
            <TextEquiv>
              <Unicode>i</Unicode>
            </TextEquiv>
          </Glyph>
          <Glyph id="c887">
            <Coords points="849,2668 881,2668 881,2715 849,2715"/>
            <TextEquiv>
              <Unicode>m</Unicode>
            </TextEquiv>
          </Glyph>
          <TextEquiv>
            <Unicode>Him</Unicode>
          </TextEquiv>
        </Word>
        <Word id="w347">
          <Coords points="901,2668 1112,2668 1112,2715 901,2715"/>
          <Glyph id="c888">
            <Coords points="901,2668 919,2668 919,2715 901,2715"/>
            <TextEquiv>
              <Unicode>d</Unicode>
            </TextEquiv>
          </Glyph>
          <Glyph id="c889">
            <Coords points="922,2668 939,2668 939,2715 922,2715"/>
            <TextEquiv>
              <Unicode>e</Unicode>
            </TextEquiv>
          </Glyph>
          <Glyph id="c890">
            <Coords points="943,2668 957,2668 957,2715 943,2715"/>
            <TextEquiv>
              <Unicode>s</Unicode>
            </TextEquiv>
          </Glyph>
          <Glyph id="c891">
            <Coords points="961,2668 977,2668 977,2715 961,2715"/>
            <TextEquiv>
              <Unicode>c</Unicode>
            </TextEquiv>
          </Glyph>
          <Glyph id="c892">
            <Coords points="981,2668 998,2668 998,2715 981,2715"/>
            <TextEquiv>
              <Unicode>e</Unicode>
            </TextEquiv>
          </Glyph>
          <Glyph id="c893">
            <Coords points="1001,2668 1023,2668 1023,2715 1001,2715"/>
            <TextEquiv>
              <Unicode>n</Unicode>
            </TextEquiv>
          </Glyph>
          <Glyph id="c894">
            <Coords points="1026,2668 1046,2668 1046,2715 1026,2715"/>
            <TextEquiv>
              <Unicode>d</Unicode>
            </TextEquiv>
          </Glyph>
          <Glyph id="c895">
            <Coords points="1049,2668 1063,2668 1063,2715 1049,2715"/>
            <TextEquiv>
              <Unicode>i</Unicode>
            </TextEquiv>
          </Glyph>
          <Glyph id="c896">
            <Coords points="1064,2668 1086,2668 1086,2715 1064,2715"/>
            <TextEquiv>
              <Unicode>n</Unicode>
            </TextEquiv>
          </Glyph>
          <Glyph id="c897">
            <Coords points="1090,2668 1112,2668 1112,2715 1090,2715"/>
            <TextEquiv>
              <Unicode>g</Unicode>
            </TextEquiv>
          </Glyph>
          <TextEquiv>
            <Unicode>descending</Unicode>
          </TextEquiv>
        </Word>
        <Word id="w348">
          <Coords points="1136,2668 1198,2668 1198,2715 1136,2715"/>
          <Glyph id="c898">
            <Coords points="1136,2668 1150,2668 1150,2715 1136,2715"/>
            <TextEquiv>
              <Unicode>t</Unicode>
            </TextEquiv>
          </Glyph>
          <Glyph id="c899">
            <Coords points="1154,2668 1176,2668 1176,2715 1154,2715"/>
            <TextEquiv>
              <Unicode>h</Unicode>
            </TextEquiv>
          </Glyph>
          <Glyph id="c900">
            <Coords points="1181,2668 1198,2668 1198,2715 1181,2715"/>
            <TextEquiv>
              <Unicode>e</Unicode>
            </TextEquiv>
          </Glyph>
          <TextEquiv>
            <Unicode>the</Unicode>
          </TextEquiv>
        </Word>
        <Word id="w349">
          <Coords points="1220,2668 1287,2668 1287,2715 1220,2715"/>
          <Glyph id="c901">
            <Coords points="1220,2668 1233,2668 1233,2715 1220,2715"/>
            <TextEquiv>
              <Unicode>s</Unicode>
            </TextEquiv>
          </Glyph>
          <Glyph id="c902">
            <Coords points="1239,2668 1262,2668 1262,2715 1239,2715"/>
            <TextEquiv>
              <Unicode>k</Unicode>
            </TextEquiv>
          </Glyph>
          <Glyph id="c903">
            <Coords points="1264,2668 1287,2668 1287,2715 1264,2715"/>
            <TextEquiv>
              <Unicode>y</Unicode>
            </TextEquiv>
          </Glyph>
          <TextEquiv>
            <Unicode>sky</Unicode>
          </TextEquiv>
        </Word>
        <Word id="w350">
          <Coords points="1291,2668 1299,2668 1299,2715 1291,2715"/>
          <Glyph id="c904">
            <Coords points="1291,2668 1299,2668 1299,2715 1291,2715"/>
            <TextEquiv>
              <Unicode>,</Unicode>
            </TextEquiv>
          </Glyph>
          <TextEquiv>
            <Unicode>,</Unicode>
          </TextEquiv>
        </Word>
        <Word id="w351">
          <Coords points="1361,2668 1507,2668 1507,2715 1361,2715"/>
          <Glyph id="c905">
            <Coords points="1361,2668 1384,2668 1384,2715 1361,2715"/>
            <TextEquiv>
              <Unicode>C</Unicode>
            </TextEquiv>
          </Glyph>
          <Glyph id="c906">
            <Coords points="1387,2668 1404,2668 1404,2715 1387,2715"/>
            <TextEquiv>
              <Unicode>o</Unicode>
            </TextEquiv>
          </Glyph>
          <Glyph id="c907">
            <Coords points="1407,2668 1439,2668 1439,2715 1407,2715"/>
            <TextEquiv>
              <Unicode>m</Unicode>
            </TextEquiv>
          </Glyph>
          <Glyph id="c908">
            <Coords points="1444,2668 1456,2668 1456,2715 1444,2715"/>
            <TextEquiv>
              <Unicode>i</Unicode>
            </TextEquiv>
          </Glyph>
          <Glyph id="c909">
            <Coords points="1461,2668 1483,2668 1483,2715 1461,2715"/>
            <TextEquiv>
              <Unicode>n</Unicode>
            </TextEquiv>
          </Glyph>
          <Glyph id="c910">
            <Coords points="1487,2668 1507,2668 1507,2715 1487,2715"/>
            <TextEquiv>
              <Unicode>g</Unicode>
            </TextEquiv>
          </Glyph>
          <TextEquiv>
            <Unicode>Coming</Unicode>
          </TextEquiv>
        </Word>
        <Word id="w352">
          <Coords points="1526,2668 1579,2668 1579,2715 1526,2715"/>
          <Glyph id="c911">
            <Coords points="1526,2668 1542,2668 1542,2715 1526,2715"/>
            <TextEquiv>
              <Unicode>f</Unicode>
            </TextEquiv>
          </Glyph>
          <Glyph id="c912">
            <Coords points="1541,2668 1558,2668 1558,2715 1541,2715"/>
            <TextEquiv>
              <Unicode>o</Unicode>
            </TextEquiv>
          </Glyph>
          <Glyph id="c913">
            <Coords points="1562,2668 1579,2668 1579,2715 1562,2715"/>
            <TextEquiv>
              <Unicode>r</Unicode>
            </TextEquiv>
          </Glyph>
          <TextEquiv>
            <Unicode>for</Unicode>
          </TextEquiv>
        </Word>
        <Word id="w353">
          <Coords points="1596,2668 1651,2668 1651,2715 1596,2715"/>
          <Glyph id="c914">
            <Coords points="1596,2668 1630,2668 1630,2715 1596,2715"/>
            <TextEquiv>
              <Unicode>m</Unicode>
            </TextEquiv>
          </Glyph>
          <Glyph id="c915">
            <Coords points="1634,2668 1651,2668 1651,2715 1634,2715"/>
            <TextEquiv>
              <Unicode>e</Unicode>
            </TextEquiv>
          </Glyph>
          <TextEquiv>
            <Unicode>me</Unicode>
          </TextEquiv>
        </Word>
        <Word id="w354">
          <Coords points="1657,2668 1663,2668 1663,2715 1657,2715"/>
          <Glyph id="c916">
            <Coords points="1657,2668 1663,2668 1663,2715 1657,2715"/>
            <TextEquiv>
              <Unicode>,</Unicode>
            </TextEquiv>
          </Glyph>
          <TextEquiv>
            <Unicode>,</Unicode>
          </TextEquiv>
        </Word>
        <Word id="w355">
          <Coords points="1681,2668 1736,2668 1736,2715 1681,2715"/>
          <Glyph id="c917">
            <Coords points="1681,2668 1698,2668 1698,2715 1681,2715"/>
            <TextEquiv>
              <Unicode>f</Unicode>
            </TextEquiv>
          </Glyph>
          <Glyph id="c918">
            <Coords points="1697,2668 1713,2668 1713,2715 1697,2715"/>
            <TextEquiv>
              <Unicode>o</Unicode>
            </TextEquiv>
          </Glyph>
          <Glyph id="c919">
            <Coords points="1718,2668 1736,2668 1736,2715 1718,2715"/>
            <TextEquiv>
              <Unicode>r</Unicode>
            </TextEquiv>
          </Glyph>
          <TextEquiv>
            <Unicode>for</Unicode>
          </TextEquiv>
        </Word>
        <Word id="w356">
          <Coords points="1779,2668 1835,2668 1835,2715 1779,2715"/>
          <Glyph id="c920">
            <Coords points="1779,2668 1813,2668 1813,2715 1779,2715"/>
            <TextEquiv>
              <Unicode>m</Unicode>
            </TextEquiv>
          </Glyph>
          <Glyph id="c921">
            <Coords points="1816,2668 1835,2668 1835,2715 1816,2715"/>
            <TextEquiv>
              <Unicode>e</Unicode>
            </TextEquiv>
          </Glyph>
          <TextEquiv>
            <Unicode>me</Unicode>
          </TextEquiv>
        </Word>
        <Word id="w357">
          <Coords points="1839,2668 1846,2668 1846,2715 1839,2715"/>
          <Glyph id="c922">
            <Coords points="1839,2668 1846,2668 1846,2715 1839,2715"/>
            <TextEquiv>
              <Unicode>.</Unicode>
            </TextEquiv>
          </Glyph>
          <TextEquiv>
            <Unicode>.</Unicode>
          </TextEquiv>
        </Word>
        <TextEquiv>
          <Unicode/>
        </TextEquiv>
      </TextLine>
      <TextEquiv>
        <Unicode/>
      </TextEquiv>
    </TextRegion>
    <TextRegion id="r32">
      <Coords points="1780,2614 1847,2614 1847,2660 1780,2660"/>
      <TextLine id="l48">
        <Coords points="1780,2614 1847,2614 1847,2660 1780,2660"/>
        <Word id="w358">
          <Coords points="1780,2614 1837,2614 1837,2660 1780,2660"/>
          <Glyph id="c923">
            <Coords points="1780,2614 1814,2614 1814,2660 1780,2660"/>
            <TextEquiv>
              <Unicode>m</Unicode>
            </TextEquiv>
          </Glyph>
          <Glyph id="c924">
            <Coords points="1817,2614 1837,2614 1837,2660 1817,2660"/>
            <TextEquiv>
              <Unicode>e</Unicode>
            </TextEquiv>
          </Glyph>
          <TextEquiv>
            <Unicode>me</Unicode>
          </TextEquiv>
        </Word>
        <Word id="w359">
          <Coords points="1839,2614 1847,2614 1847,2660 1839,2660"/>
          <Glyph id="c925">
            <Coords points="1839,2614 1847,2614 1847,2660 1839,2660"/>
            <TextEquiv>
              <Unicode>.</Unicode>
            </TextEquiv>
          </Glyph>
          <TextEquiv>
            <Unicode>.</Unicode>
          </TextEquiv>
        </Word>
        <TextEquiv>
          <Unicode/>
        </TextEquiv>
      </TextLine>
      <TextEquiv>
        <Unicode/>
      </TextEquiv>
    </TextRegion>
    <TextRegion id="r33">
      <Coords points="372,2784 492,2782 493,2844 373,2846"/>
      <TextLine id="l49">
        <Coords points="372,2782 493,2782 493,2846 372,2846"/>
        <Word id="w360">
          <Coords points="372,2785 448,2784 449,2845 373,2846"/>
          <Glyph id="c926">
            <Coords points="372,2785 448,2784 449,2845 373,2846"/>
            <TextEquiv>
              <Unicode>9</Unicode>
            </TextEquiv>
          </Glyph>
          <TextEquiv>
            <Unicode>9</Unicode>
          </TextEquiv>
        </Word>
        <Word id="w361">
          <Coords points="400,2784 492,2782 493,2843 401,2845"/>
          <Glyph id="c927">
            <Coords points="400,2784 479,2783 480,2844 401,2845"/>
            <TextEquiv>
              <Unicode>*</Unicode>
            </TextEquiv>
          </Glyph>
          <Glyph id="c928">
            <Coords points="422,2784 492,2783 493,2844 423,2845"/>
            <TextEquiv>
              <Unicode>*</Unicode>
            </TextEquiv>
          </Glyph>
          <TextEquiv>
            <Unicode>**</Unicode>
          </TextEquiv>
        </Word>
        <TextEquiv>
          <Unicode/>
        </TextEquiv>
      </TextLine>
      <TextEquiv>
        <Unicode/>
      </TextEquiv>
    </TextRegion>
    <TextRegion id="r34">
      <Coords points="1626,1860 1926,1860 1926,1904 1626,1904"/>
      <TextLine id="l50">
        <Coords points="1626,1860 1926,1860 1926,1904 1626,1904"/>
        <Word id="w362">
          <Coords points="1626,1860 1775,1860 1775,1904 1626,1904"/>
          <Glyph id="c929">
            <Coords points="1626,1860 1645,1860 1645,1904 1626,1904"/>
            <TextEquiv>
              <Unicode>S</Unicode>
            </TextEquiv>
          </Glyph>
          <Glyph id="c930">
            <Coords points="1648,1860 1665,1860 1665,1904 1648,1904"/>
            <TextEquiv>
              <Unicode>e</Unicode>
            </TextEquiv>
          </Glyph>
          <Glyph id="c931">
            <Coords points="1668,1860 1685,1860 1685,1904 1668,1904"/>
            <TextEquiv>
              <Unicode>e</Unicode>
            </TextEquiv>
          </Glyph>
          <Glyph id="c932">
            <Coords points="1688,1860 1711,1860 1711,1904 1688,1904"/>
            <TextEquiv>
              <Unicode>k</Unicode>
            </TextEquiv>
          </Glyph>
          <Glyph id="c933">
            <Coords points="1712,1860 1725,1860 1725,1904 1712,1904"/>
            <TextEquiv>
              <Unicode>i</Unicode>
            </TextEquiv>
          </Glyph>
          <Glyph id="c934">
            <Coords points="1729,1860 1751,1860 1751,1904 1729,1904"/>
            <TextEquiv>
              <Unicode>n</Unicode>
            </TextEquiv>
          </Glyph>
          <Glyph id="c935">
            <Coords points="1754,1860 1775,1860 1775,1904 1754,1904"/>
            <TextEquiv>
              <Unicode>g</Unicode>
            </TextEquiv>
          </Glyph>
          <TextEquiv>
            <Unicode>Seeking</Unicode>
          </TextEquiv>
        </Word>
        <Word id="w363">
          <Coords points="1789,1860 1845,1860 1845,1904 1789,1904"/>
          <Glyph id="c936">
            <Coords points="1789,1860 1808,1860 1808,1904 1789,1904"/>
            <TextEquiv>
              <Unicode>f</Unicode>
            </TextEquiv>
          </Glyph>
          <Glyph id="c937">
            <Coords points="1805,1860 1823,1860 1823,1904 1805,1904"/>
            <TextEquiv>
              <Unicode>o</Unicode>
            </TextEquiv>
          </Glyph>
          <Glyph id="c938">
            <Coords points="1825,1860 1845,1860 1845,1904 1825,1904"/>
            <TextEquiv>
              <Unicode>r</Unicode>
            </TextEquiv>
          </Glyph>
          <TextEquiv>
            <Unicode>for</Unicode>
          </TextEquiv>
        </Word>
        <Word id="w364">
          <Coords points="1858,1860 1911,1860 1911,1904 1858,1904"/>
          <Glyph id="c939">
            <Coords points="1858,1860 1889,1860 1889,1904 1858,1904"/>
            <TextEquiv>
              <Unicode>m</Unicode>
            </TextEquiv>
          </Glyph>
          <Glyph id="c940">
            <Coords points="1892,1860 1911,1860 1911,1904 1892,1904"/>
            <TextEquiv>
              <Unicode>e</Unicode>
            </TextEquiv>
          </Glyph>
          <TextEquiv>
            <Unicode>me</Unicode>
          </TextEquiv>
        </Word>
        <Word id="w365">
          <Coords points="1916,1860 1926,1860 1926,1904 1916,1904"/>
          <Glyph id="c941">
            <Coords points="1916,1860 1926,1860 1926,1904 1916,1904"/>
            <TextEquiv>
              <Unicode>,</Unicode>
            </TextEquiv>
          </Glyph>
          <TextEquiv>
            <Unicode>,</Unicode>
          </TextEquiv>
        </Word>
        <TextEquiv>
          <Unicode/>
        </TextEquiv>
      </TextLine>
      <TextEquiv>
        <Unicode/>
      </TextEquiv>
    </TextRegion>
    <TextRegion id="r35">
      <Coords points="1625,1914 1922,1914 1922,1961 1625,1961"/>
      <TextLine id="l51">
        <Coords points="1625,1914 1922,1914 1922,1961 1625,1961"/>
        <Word id="w366">
          <Coords points="1625,1914 1677,1914 1677,1961 1625,1961"/>
          <Glyph id="c942">
            <Coords points="1625,1914 1654,1914 1654,1961 1625,1961"/>
            <TextEquiv>
              <Unicode>D</Unicode>
            </TextEquiv>
          </Glyph>
          <Glyph id="c943">
            <Coords points="1654,1914 1677,1914 1677,1961 1654,1961"/>
            <TextEquiv>
              <Unicode>y</Unicode>
            </TextEquiv>
          </Glyph>
          <TextEquiv>
            <Unicode>Dy</Unicode>
          </TextEquiv>
        </Word>
        <Word id="w367">
          <Coords points="1688,1914 1701,1914 1701,1961 1688,1961"/>
          <Glyph id="c944">
            <Coords points="1688,1914 1701,1914 1701,1961 1688,1961"/>
            <TextEquiv>
              <Unicode>-</Unicode>
            </TextEquiv>
          </Glyph>
          <TextEquiv>
            <Unicode>-</Unicode>
          </TextEquiv>
        </Word>
        <Word id="w368">
          <Coords points="1715,1914 1776,1914 1776,1961 1715,1961"/>
          <Glyph id="c945">
            <Coords points="1715,1914 1726,1914 1726,1961 1715,1961"/>
            <TextEquiv>
              <Unicode>i</Unicode>
            </TextEquiv>
          </Glyph>
          <Glyph id="c946">
            <Coords points="1730,1914 1752,1914 1752,1961 1730,1961"/>
            <TextEquiv>
              <Unicode>n</Unicode>
            </TextEquiv>
          </Glyph>
          <Glyph id="c947">
            <Coords points="1756,1914 1776,1914 1776,1961 1756,1961"/>
            <TextEquiv>
              <Unicode>g</Unicode>
            </TextEquiv>
          </Glyph>
          <TextEquiv>
            <Unicode>ing</Unicode>
          </TextEquiv>
        </Word>
        <Word id="w369">
          <Coords points="1792,1914 1844,1914 1844,1961 1792,1961"/>
          <Glyph id="c948">
            <Coords points="1792,1914 1809,1914 1809,1961 1792,1961"/>
            <TextEquiv>
              <Unicode>f</Unicode>
            </TextEquiv>
          </Glyph>
          <Glyph id="c949">
            <Coords points="1807,1914 1823,1914 1823,1961 1807,1961"/>
            <TextEquiv>
              <Unicode>o</Unicode>
            </TextEquiv>
          </Glyph>
          <Glyph id="c950">
            <Coords points="1827,1914 1844,1914 1844,1961 1827,1961"/>
            <TextEquiv>
              <Unicode>r</Unicode>
            </TextEquiv>
          </Glyph>
          <TextEquiv>
            <Unicode>for</Unicode>
          </TextEquiv>
        </Word>
        <Word id="w370">
          <Coords points="1858,1914 1912,1914 1912,1961 1858,1961"/>
          <Glyph id="c951">
            <Coords points="1858,1914 1892,1914 1892,1961 1858,1961"/>
            <TextEquiv>
              <Unicode>m</Unicode>
            </TextEquiv>
          </Glyph>
          <Glyph id="c952">
            <Coords points="1894,1914 1912,1914 1912,1961 1894,1961"/>
            <TextEquiv>
              <Unicode>e</Unicode>
            </TextEquiv>
          </Glyph>
          <TextEquiv>
            <Unicode>me</Unicode>
          </TextEquiv>
        </Word>
        <Word id="w371">
          <Coords points="1916,1914 1922,1914 1922,1961 1916,1961"/>
          <Glyph id="c953">
            <Coords points="1916,1914 1922,1914 1922,1961 1916,1961"/>
            <TextEquiv>
              <Unicode>,</Unicode>
            </TextEquiv>
          </Glyph>
          <TextEquiv>
            <Unicode>,</Unicode>
          </TextEquiv>
        </Word>
        <TextEquiv>
          <Unicode/>
        </TextEquiv>
      </TextLine>
      <TextEquiv>
        <Unicode/>
      </TextEquiv>
    </TextRegion>
    <TextRegion id="r36">
      <Coords points="1622,1968 1922,1968 1922,2070 1622,2070"/>
      <TextLine id="l52">
        <Coords points="1623,1968 1922,1968 1922,2014 1623,2014"/>
        <Word id="w372">
          <Coords points="1623,1968 1763,1968 1763,2014 1623,2014"/>
          <Glyph id="c954">
            <Coords points="1623,1968 1645,1968 1645,2014 1623,2014"/>
            <TextEquiv>
              <Unicode>C</Unicode>
            </TextEquiv>
          </Glyph>
          <Glyph id="c955">
            <Coords points="1649,1968 1670,1968 1670,2014 1649,2014"/>
            <TextEquiv>
              <Unicode>a</Unicode>
            </TextEquiv>
          </Glyph>
          <Glyph id="c956">
            <Coords points="1671,1968 1682,1968 1682,2014 1671,2014"/>
            <TextEquiv>
              <Unicode>l</Unicode>
            </TextEquiv>
          </Glyph>
          <Glyph id="c957">
            <Coords points="1686,1968 1698,1968 1698,2014 1686,2014"/>
            <TextEquiv>
              <Unicode>l</Unicode>
            </TextEquiv>
          </Glyph>
          <Glyph id="c958">
            <Coords points="1701,1968 1714,1968 1714,2014 1701,2014"/>
            <TextEquiv>
              <Unicode>i</Unicode>
            </TextEquiv>
          </Glyph>
          <Glyph id="c959">
            <Coords points="1718,1968 1739,1968 1739,2014 1718,2014"/>
            <TextEquiv>
              <Unicode>n</Unicode>
            </TextEquiv>
          </Glyph>
          <Glyph id="c960">
            <Coords points="1742,1968 1763,1968 1763,2014 1742,2014"/>
            <TextEquiv>
              <Unicode>g</Unicode>
            </TextEquiv>
          </Glyph>
          <TextEquiv>
            <Unicode>Calling</Unicode>
          </TextEquiv>
        </Word>
        <Word id="w373">
          <Coords points="1788,1968 1842,1968 1842,2014 1788,2014"/>
          <Glyph id="c961">
            <Coords points="1788,1968 1806,1968 1806,2014 1788,2014"/>
            <TextEquiv>
              <Unicode>f</Unicode>
            </TextEquiv>
          </Glyph>
          <Glyph id="c962">
            <Coords points="1803,1968 1819,1968 1819,2014 1803,2014"/>
            <TextEquiv>
              <Unicode>o</Unicode>
            </TextEquiv>
          </Glyph>
          <Glyph id="c963">
            <Coords points="1825,1968 1842,1968 1842,2014 1825,2014"/>
            <TextEquiv>
              <Unicode>r</Unicode>
            </TextEquiv>
          </Glyph>
          <TextEquiv>
            <Unicode>for</Unicode>
          </TextEquiv>
        </Word>
        <Word id="w374">
          <Coords points="1856,1968 1909,1968 1909,2014 1856,2014"/>
          <Glyph id="c964">
            <Coords points="1856,1968 1888,1968 1888,2014 1856,2014"/>
            <TextEquiv>
              <Unicode>m</Unicode>
            </TextEquiv>
          </Glyph>
          <Glyph id="c965">
            <Coords points="1892,1968 1909,1968 1909,2014 1892,2014"/>
            <TextEquiv>
              <Unicode>e</Unicode>
            </TextEquiv>
          </Glyph>
          <TextEquiv>
            <Unicode>me</Unicode>
          </TextEquiv>
        </Word>
        <Word id="w375">
          <Coords points="1913,1968 1922,1968 1922,2014 1913,2014"/>
          <Glyph id="c966">
            <Coords points="1913,1968 1922,1968 1922,2014 1913,2014"/>
            <TextEquiv>
              <Unicode>,</Unicode>
            </TextEquiv>
          </Glyph>
          <TextEquiv>
            <Unicode>,</Unicode>
          </TextEquiv>
        </Word>
        <TextEquiv>
          <Unicode/>
        </TextEquiv>
      </TextLine>
      <TextLine id="l53">
        <Coords points="1622,2023 1922,2023 1922,2070 1622,2070"/>
        <Word id="w376">
          <Coords points="1622,2023 1768,2023 1768,2070 1622,2070"/>
          <Glyph id="c967">
            <Coords points="1622,2023 1645,2023 1645,2070 1622,2070"/>
            <TextEquiv>
              <Unicode>C</Unicode>
            </TextEquiv>
          </Glyph>
          <Glyph id="c968">
            <Coords points="1650,2023 1667,2023 1667,2070 1650,2070"/>
            <TextEquiv>
              <Unicode>o</Unicode>
            </TextEquiv>
          </Glyph>
          <Glyph id="c969">
            <Coords points="1669,2023 1704,2023 1704,2070 1669,2070"/>
            <TextEquiv>
              <Unicode>m</Unicode>
            </TextEquiv>
          </Glyph>
          <Glyph id="c970">
            <Coords points="1704,2023 1718,2023 1718,2070 1704,2070"/>
            <TextEquiv>
              <Unicode>i</Unicode>
            </TextEquiv>
          </Glyph>
          <Glyph id="c971">
            <Coords points="1721,2023 1744,2023 1744,2070 1721,2070"/>
            <TextEquiv>
              <Unicode>n</Unicode>
            </TextEquiv>
          </Glyph>
          <Glyph id="c972">
            <Coords points="1745,2023 1768,2023 1768,2070 1745,2070"/>
            <TextEquiv>
              <Unicode>g</Unicode>
            </TextEquiv>
          </Glyph>
          <TextEquiv>
            <Unicode>Coming</Unicode>
          </TextEquiv>
        </Word>
        <Word id="w377">
          <Coords points="1791,2023 1843,2023 1843,2070 1791,2070"/>
          <Glyph id="c973">
            <Coords points="1791,2023 1807,2023 1807,2070 1791,2070"/>
            <TextEquiv>
              <Unicode>f</Unicode>
            </TextEquiv>
          </Glyph>
          <Glyph id="c974">
            <Coords points="1807,2023 1823,2023 1823,2070 1807,2070"/>
            <TextEquiv>
              <Unicode>o</Unicode>
            </TextEquiv>
          </Glyph>
          <Glyph id="c975">
            <Coords points="1827,2023 1843,2023 1843,2070 1827,2070"/>
            <TextEquiv>
              <Unicode>r</Unicode>
            </TextEquiv>
          </Glyph>
          <TextEquiv>
            <Unicode>for</Unicode>
          </TextEquiv>
        </Word>
        <Word id="w378">
          <Coords points="1857,2023 1911,2023 1911,2070 1857,2070"/>
          <Glyph id="c976">
            <Coords points="1857,2023 1890,2023 1890,2070 1857,2070"/>
            <TextEquiv>
              <Unicode>m</Unicode>
            </TextEquiv>
          </Glyph>
          <Glyph id="c977">
            <Coords points="1892,2023 1911,2023 1911,2070 1892,2070"/>
            <TextEquiv>
              <Unicode>e</Unicode>
            </TextEquiv>
          </Glyph>
          <TextEquiv>
            <Unicode>me</Unicode>
          </TextEquiv>
        </Word>
        <Word id="w379">
          <Coords points="1914,2023 1922,2023 1922,2070 1914,2070"/>
          <Glyph id="c978">
            <Coords points="1914,2023 1922,2023 1922,2070 1914,2070"/>
            <TextEquiv>
              <Unicode>,</Unicode>
            </TextEquiv>
          </Glyph>
          <TextEquiv>
            <Unicode>,</Unicode>
          </TextEquiv>
        </Word>
        <TextEquiv>
          <Unicode/>
        </TextEquiv>
      </TextLine>
      <TextEquiv>
        <Unicode/>
      </TextEquiv>
    </TextRegion>
  </Page>
</PcGts>
