2785 2203
398 328 570 369 SWEET
596 328 822 369 SABBATH
852 328 974 369 BELL
979 328 988 369 .
1046 328 1064 369 (
1063 328 1114 369 80.
1116 328 1133 369 )

410 470 455 535 8
443 473 488 538 -
463 475 577 546 glg

632 464 753 541 H

793 424 895 536 3
847 422 928 534 。

385 589 416 628 1.
432 589 520 628 How
536 589 677 628 sweetly
688 589 815 628 sounds
825 589 884 628 the
895 589 1043 628 Sabbath
1053 589 1119 628 bell
1129 589 1138 628 !
1150 589 1201 628 Its
1211 589 1303 628 peals
1315 589 1383 628 like
1395 589 1519 628 rolling
1531 589 1664 628 billows
1677 589 1772 628 swell
1781 589 1789 628 ;
1802 589 1836 628 It

382 639 418 678 2.
433 639 530 678 With
533 639 594 678 joy
619 639 679 678 the
695 639 869 678 summons
886 639 942 678 I'll
980 639 1028 678 o-
1039 639 1104 678 bey
1110 639 1117 678 ,
1123 639 1200 678 And
1213 639 1246 678 to
1265 639 1367 678 God's
1380 639 1508 678 temple
1518 639 1615 678 haste
1643 639 1740 678 away
1749 639 1759 678 ;
1781 639 1837 678 I'll

456 732 573 833 iti

1197 221 1576 252 MISCELLANEOUS
1581 221 1593 252 .

410 753 450 794 6

410 798 454 842 8

1080 940 1253 972 CHORUS
1255 942 1268 971 .

2178 331 2237 354 ARE
2236 331 2243 353 .
2266 331 2304 353 BY
2321 330 2354 352 W.
2370 330 2390 352 L

632 1482 661 1529 "
660 1482 826 1532 Sabbath
854 1486 1040 1536 Worship
1040 1489 1063 1535 .
1049 1490 1078 1537 "

357 1557 378 1600 3
408 1557 530 1601 There
552 1557 567 1600 I
587 1557 660 1601 will
678 1557 839 1602 worship
859 1559 931 1602 and
950 1559 1066 1602 adore
1066 1560 1076 1603 ,

407 1613 570 1660 Confess
589 1614 651 1660 my
665 1615 759 1661 guilt
764 1615 769 1660 ,
790 1616 851 1661 my
869 1616 947 1661 sins
968 1616 1122 1663 deplore
1126 1617 1137 1662 ;

405 1669 495 1716 And
512 1670 603 1717 seek
622 1671 670 1717 by
688 1672 782 1718 faith
806 1673 876 1719 His
895 1673 1095 1721 pard'ning
1111 1675 1198 1722 love
1200 1677 1208 1722 ,

406 1732 500 1775 Rich
520 1732 612 1775 gifts
632 1732 705 1775 and
724 1732 914 1775 blessings
934 1732 1028 1775 from
1049 1732 1169 1775 above
1172 1732 1181 1775 .

313 1789 403 1826 CHO
403 1789 415 1826 .
417 1789 447 1826 -
465 1789 591 1826 Sweet
612 1789 779 1826 Sabbath
794 1789 868 1826 bell
874 1789 883 1826 !
904 1789 1019 1826 sweet
1040 1789 1213 1826 Sabbath
1231 1789 1307 1826 bell
1309 1789 1321 1826 !

461 1848 519 1891 Its
539 1848 688 1891 ringing
704 1848 814 1891 tones
836 1848 853 1891 I
871 1848 958 1891 love
975 1848 1019 1891 so
1038 1848 1121 1891 well
1121 1848 1133 1891 .

1924 976 2059 1088 #

426 1162 476 1202 To
489 1162 557 1201 pay
576 1162 636 1201 my
646 1161 741 1200 vows
753 1161 821 1200 and
833 1159 977 1200 homage
990 1158 1212 1199 there.Sweet
1224 1157 1373 1198 Sabbath
1383 1157 1450 1196 bell
1460 1157 1469 1196 !
1481 1155 1590 1196 sweet
1602 1155 1750 1196 Sabbath
1763 1155 1829 1194 bell
1840 1155 1848 1194 !
1862 1155 1910 1194 Its
1923 1153 2060 1194 ringing
2069 1152 2167 1193 tones
2178 1153 2195 1192 I
2206 1153 2283 1192 love
2293 1153 2332 1192 so
2343 1152 2423 1191 well
2424 1152 2433 1191 .

425 1205 552 1240 Before
566 1208 629 1241 His
642 1209 766 1244 throne
781 1212 819 1245 of
832 1212 933 1247 grace
946 1214 1075 1249 appear
1075 1217 1085 1249 .

1874 589 1956 628 calls
1968 589 2021 628 me
2048 589 2085 628 to
2124 589 2182 628 the
2193 589 2300 628 house
2310 589 2349 628 of
2359 589 2474 628 pray'r
2476 589 2486 628 ,

1886 639 1923 678 to
1963 639 2021 678 the
2037 639 2193 678 mercy
2202 639 2274 678 seat
2286 639 2377 678 draw
2391 639 2474 678 near
2477 639 2487 678 ,

1827 730 1919 840 E

1444 1556 1470 1596 4
1497 1556 1626 1596 Sweet
1644 1556 1812 1596 Sabbath
1831 1556 1908 1596 bell
1920 1556 1929 1596 !
1955 1556 2071 1596 sweet
2092 1556 2257 1596 Sabbath
2276 1556 2354 1596 bell
2361 1556 2376 1596 !

1496 1616 1553 1659 Its
1571 1615 1721 1659 ringing
1737 1615 1846 1658 tones
1868 1615 1881 1657 I
1904 1615 1988 1657 love
2006 1614 2049 1656 so
2068 1614 2151 1656 well
2159 1614 2172 1656 ;

1494 1670 1533 1710 It
1551 1670 1643 1712 calls
1663 1671 1722 1713 me
1740 1672 1780 1712 to
1798 1673 1862 1714 the
1881 1673 2000 1715 house
2019 1675 2059 1715 of
2083 1675 2217 1717 prayer
2219 1677 2228 1717 ,

2443 210 2484 248 9

1496 1733 1550 1779 To
1568 1732 1660 1778 pray
1664 1733 1672 1777 ,
1692 1731 1766 1777 and
1783 1730 1908 1776 praise
1912 1731 1919 1775 ,
1938 1729 2012 1774 and
2032 1727 2195 1774 worship
2210 1726 2316 1772 there
2319 1727 2329 1771 .

1398 1790 1487 1825 CHO
1488 1790 1502 1825 .
1500 1790 1534 1825 -
1549 1790 1676 1825 Sweet
1695 1790 1863 1825 Sabbath
1883 1790 1958 1825 bell
1966 1790 1975 1825 !
1997 1790 2112 1825 sweet
2134 1790 2299 1825 Sabbath
2318 1790 2379 1825 bel
2382 1790 2416 1825 !!

1550 1848 1607 1893 Its
1625 1846 1777 1892 ringing
1794 1846 1903 1890 tones
1926 1846 1940 1889 I
1961 1844 2047 1889 love
2068 1844 2109 1887 so
2133 1842 2214 1887 well
2218 1843 2228 1886 .
