2573 3613
515 399 599 435 THE
618 399 732 435 HOUR
752 399 801 435 OF
822 399 998 435 PRAYER
1004 399 1012 435 .
1040 399 1080 435 P.
1098 399 1142 435 M.

755 477 897 588 B

609 485 649 523 6

608 529 647 567 8

510 1191 587 1258 9

576 798 675 840 582

1135 345 1346 375 PRAYER
1374 345 1482 375 AND
1516 345 1705 375 PRAISE
1710 345 1720 375 .

1210 409 1231 439 "
1244 409 1339 440 Enter
1352 409 1416 440 into
1430 410 1481 440 thy
1494 410 1586 442 closet
1585 411 1599 441 .
1594 411 1612 441 "

1463 475 1612 583 H

2231 527 2314 593 to

649 649 687 691 My
704 649 752 691 God
762 649 770 691 !
784 649 804 691 is
825 649 853 691 an
857 649 866 691 -
866 649 882 691 y
893 649 951 691 hour
971 649 995 691 so
1018 649 1089 691 sweet
1092 649 1096 691 ,
1110 649 1175 691 From
1189 649 1254 691 blush
1278 649 1304 691 of
1317 649 1379 691 morn
1397 649 1418 691 to
1438 649 1532 691 evening
1549 649 1596 691 star
1601 649 1605 691 ,
1619 649 1649 691 As
1662 649 1714 691 that
1727 649 1804 691 which
1819 649 1882 691 calls
1896 649 1929 691 me
1943 649 1964 691 to
1979 649 2021 691 thy
2033 649 2078 691 feet
2082 649 2087 691 ,
2100 649 2146 691 The
2162 649 2220 691 hour
2227 649 2257 691 of
2263 649 2351 691 prayer
2350 649 2361 691 .

1486 723 1583 843 à

783 923 891 1041 H

1824 937 1903 1062 №

606 1083 669 1127 Blest
685 1083 703 1127 is
715 1083 757 1127 the
774 1083 875 1127 tranquil
887 1083 943 1127 hour
954 1083 978 1127 of
989 1083 1050 1127 morn
1055 1083 1060 1127 ,
1068 1083 1119 1127 And
1132 1083 1190 1127 blest
1207 1083 1258 1127 that
1274 1083 1357 1127 solemn
1375 1083 1432 1127 hour
1449 1083 1474 1127 of
1489 1083 1527 1127 eve
1530 1083 1534 1127 ,
1551 1083 1622 1127 When
1636 1083 1663 1127 on
1681 1083 1722 1127 the
1735 1083 1810 1127 wings
1829 1083 1852 1127 of
1866 1083 1950 1127 prayer
1966 1083 2066 1127 upborne
2069 1083 2073 1127 ,
2086 1083 2132 1127 The
2145 1083 2217 1127 world
2230 1083 2241 1127 I
2256 1083 2319 1127 leave
2319 1083 2325 1127 .

495 1361 623 1414 194

1098 1382 1250 1403 Charlotte
1264 1382 1368 1403 Elliott
1372 1382 1378 1403 .

491 1423 519 1475 2
548 1423 629 1475 For
645 1423 744 1475 then
767 1423 791 1475 a
809 1423 1028 1475 dayspring
1049 1423 1178 1475 shines
1199 1423 1248 1475 on
1272 1423 1336 1475 me
1339 1423 1351 1475 ,

551 1480 738 1529 Brighter
757 1479 856 1527 than
882 1478 1025 1527 moon's
1051 1477 1227 1526 ethereal
1246 1476 1349 1524 glow
1363 1477 1373 1524 ;

496 1532 590 1573 And
613 1531 744 1572 richer
765 1531 869 1571 dews
892 1530 1060 1571 descend
1081 1529 1179 1569 from
1205 1528 1297 1568 thee

546 1588 659 1625 Than
681 1588 795 1625 earth
815 1588 888 1625 can
911 1588 1024 1625 know
1032 1588 1042 1625 .

611 2242 649 2277 4

586 2288 650 2321 94

494 1644 605 1696 Then
624 1644 658 1694 is
678 1642 747 1693 my
764 1640 947 1693 strength
966 1639 1020 1690 by
1042 1638 1135 1690 thee
1153 1636 1335 1689 renewed
1350 1636 1357 1686 ;

548 1693 659 1744 Then
681 1693 748 1743 are
772 1692 839 1743 my
859 1692 939 1742 sins
968 1692 1020 1742 by
1044 1691 1136 1741 thee
1161 1689 1343 1741 forgiven
1345 1690 1358 1740 ,

492 1746 605 1795 Then
626 1747 713 1794 dost
732 1746 831 1793 thou
851 1744 966 1793 cheer
996 1745 1063 1792 my
1082 1743 1253 1792 solitude

549 1802 666 1852 With
682 1800 804 1850 hopes
822 1799 870 1847 of
882 1797 1037 1847 heaven
1040 1797 1051 1844 .

529 1882 659 1922 WHAT
679 1883 707 1921 A
726 1883 881 1923 FRIEND
887 1884 894 1922 ,
921 1885 964 1923 8s
988 1885 1016 1923 &
1037 1885 1079 1923 7s
1084 1886 1090 1924 .
1113 1886 1149 1924 D.
1169 1886 1186 1924 "
1195 1886 1267 1925 Cast
1281 1887 1327 1925 all
1337 1887 1414 1925 your
1427 1888 1495 1926 care
1509 1888 1587 1926 upon
1602 1888 1666 1927 him
1670 1889 1683 1927 .
1678 1889 1696 1927 "

647 2112 716 2145 What
739 2112 753 2145 a
774 2112 849 2145 friend
867 2112 902 2145 we
920 2112 976 2145 have
1010 2112 1034 2145 in
1080 2112 1197 2145 Jesus
1199 2112 1207 2145 ,
1289 2107 1333 2149 All
1350 2107 1394 2149 our
1410 2107 1459 2149 sins
1481 2107 1530 2149 and
1537 2107 1609 2149 griefs
1621 2107 1644 2149 to
1668 2107 1723 2149 bear
1730 2107 1739 2149 !

996 2217 1074 2310 E

1137 2371 1231 2392 Fine
1236 2371 1245 2391 .

1442 1423 1466 1462 3
1495 1423 1558 1462 No
1581 1423 1705 1462 words
1725 1423 1799 1462 can
1820 1423 1890 1462 tell
1912 1423 2018 1462 what
2037 1423 2154 1462 sweet
2184 1423 2305 1462 relief

1495 1475 1607 1525 Here
1628 1475 1691 1524 for
1711 1476 1777 1525 my
1798 1476 1918 1526 every
1944 1477 2051 1527 want
2071 1478 2091 1527 I
2110 1478 2194 1527 find
2206 1478 2217 1527 ;

1443 1530 1568 1579 What
1588 1530 1771 1579 strength
1792 1530 1851 1579 for
1872 1530 2039 1579 warfare
2045 1530 2052 1579 ,
2077 1530 2182 1579 balm
2205 1530 2249 1579 for
2272 1530 2349 1579 grief

1494 1584 1620 1636 What
1639 1583 1761 1634 peace
1780 1583 1826 1633 of
1843 1581 1951 1633 mind
1966 1581 1977 1631 !

1442 1637 1548 1688 Lord
1561 1637 1572 1688 !
1603 1637 1665 1688 till
1685 1637 1705 1688 I
1728 1637 1847 1688 reach
1867 1637 1946 1688 yon
1966 1637 2123 1688 blissful
2140 1637 2256 1688 shore
2258 1637 2268 1688 ,

1492 1693 1558 1744 No
1579 1690 1777 1743 privilege
1795 1690 1837 1740 so
1856 1688 1952 1740 dear
1969 1687 2074 1738 shall
2086 1685 2137 1736 be

1438 1739 1498 1790 As
1520 1740 1614 1791 thus
1638 1742 1706 1792 my
1725 1743 1872 1794 inmost
1892 1745 1979 1796 soul
1994 1746 2039 1797 to
2057 1747 2160 1797 pour

1490 1800 1546 1851 In
1561 1794 1710 1848 prayer
1726 1793 1769 1843 to
1786 1788 1881 1841 thee
1880 1789 1891 1838 .

584 2758 608 2786 D

501 2831 621 2883 195

1293 2852 1377 2873 Anon
1381 2852 1388 2872 .

497 2904 525 2955 2
551 2904 674 2955 Have
695 2904 753 2955 we
772 2904 884 2955 trials
905 2904 983 2955 and
1015 2904 1274 2955 temptations
1285 2904 1308 2955 ?

553 2961 592 3009 Is
609 2961 722 3009 there
742 2961 901 3009 trouble
932 2961 1144 3009 anywhere
1156 2961 1174 3009 ?

498 3008 580 3061 We
595 3008 738 3061 should
758 3008 883 3061 never
906 3008 956 3061 be
978 3008 1236 3061 discouraged
1241 3008 1251 3061 ,

551 3062 662 3111 Take
679 3064 711 3111 it
731 3065 772 3112 to
792 3065 863 3114 the
887 3066 996 3115 Lord
1015 3068 1057 3115 in
1077 3068 1224 3118 prayer
1225 3071 1236 3118 .

500 3120 585 3167 Can
606 3120 661 3166 we
680 3119 765 3166 find
789 3119 812 3165 a
835 3117 986 3165 Friend
1007 3118 1049 3164 so
1070 3116 1234 3164 faithful
1239 3117 1247 3163 ,

552 3175 655 3215 Who
679 3174 760 3214 will
780 3174 834 3212 all
853 3172 927 3212 our
949 3172 1111 3211 sorrows
1130 3170 1246 3210 share
1255 3170 1274 3208 ?

499 3227 615 3277 Jesus
631 3227 769 3277 knows
788 3227 863 3277 our
893 3227 1012 3277 every
1036 3227 1237 3277 weakness
1239 3227 1248 3277 ,

550 3274 662 3325 Take
683 3276 716 3325 it
736 3276 776 3325 to
800 3277 870 3327 the
891 3277 998 3328 Lord
1019 3278 1059 3327 in
1082 3278 1226 3329 prayer
1229 3280 1239 3329 .

1968 418 1995 435 E.
2011 418 2125 435 MAUDE
2150 418 2241 435 CLINE
2247 418 2253 435 .

625 2556 722 2598 Ev'ry
737 2556 806 2598 thing
831 2556 856 2598 to
879 2556 929 2598 God
964 2556 989 2598 in
1011 2556 1090 2598 pray'r
1098 2556 1107 2598 !
1174 2554 1193 2596 0
1192 2553 1201 2595 ,
1238 2551 1304 2595 what
1311 2550 1384 2594 peace
1394 2550 1431 2592 we
1470 2548 1562 2592 often
1608 2547 1645 2590 for
1685 2545 1730 2589 feit
1728 2546 1736 2588 ,

626 2600 725 2644 Ev'ry
741 2600 809 2643 thing
832 2600 854 2642 to
881 2600 928 2642 God
961 2599 984 2641 in
1007 2599 1086 2641 pray'r
1095 2599 1103 2641 !

1662 2571 1672 2575 -

1776 1928 1822 1968 S.

1964 1330 2069 1355 Copyright
2082 1329 2128 1353 1892
2131 1329 2134 1352 ,
2148 1329 2173 1352 by
2188 1328 2207 1352 C.
2222 1328 2242 1351 C.
2256 1326 2311 1351 Cline
2313 1327 2317 1350 .

2068 1979 2235 2097 H₂

2174 2121 2213 2139 car

2269 2120 2299 2148 ry

1792 2107 1862 2149 What
1886 2107 1899 2149 a
1923 2107 2081 2149 privilege
2102 2107 2125 2149 to

1699 2149 1745 2187 D.
1764 2149 1798 2187 S.
1819 2150 1859 2188 All
1886 2151 1913 2188 be
1915 2151 1924 2188 -
1927 2151 1993 2190 cause
2007 2152 2041 2190 we
2057 2153 2084 2190 do
2100 2154 2141 2192 not
2180 2155 2219 2192 car
2234 2155 2245 2192 -
2269 2156 2300 2193 ry

2110 2214 2225 2339 216

2037 1899 2062 1916 C.
2078 1899 2104 1916 C.
2124 1899 2283 1916 CONVERSE
2289 1899 2294 1916 .

2229 2127 2237 2130 -

2312 1998 2340 2056 12461

2221 2367 2266 2387 D.
2281 2367 2317 2387 S.

1819 2548 1837 2588 0
1840 2548 1847 2588 ,
1862 2548 1926 2588 what
1941 2548 2042 2590 needless
2056 2549 2113 2589 pain
2127 2549 2164 2589 we
2193 2549 2250 2590 bear
2250 2550 2258 2590 ,

1507 2900 1535 2949 3
1562 2900 1646 2949 Are
1666 2900 1723 2949 we
1747 2900 1860 2949 weak
1881 2900 1960 2949 and
1982 2900 2112 2949 heavy
2131 2900 2247 2949 laden
2254 2900 2260 2949 ,

1559 2955 1788 2992 Cumbered
1811 2955 1904 2992 with
1929 2955 1949 2992 a
1970 2955 2061 2992 load
2082 2955 2129 2992 of
2141 2955 2231 2992 care
2242 2955 2259 2992 ?

1507 3004 1692 3054 Precious
1713 3006 1854 3055 Savior
1860 3007 1867 3055 ,
1893 3007 1972 3057 still
1994 3008 2068 3057 our
2087 3008 2228 3058 refuge
2230 3010 2240 3058 ,
2245 3010 2294 3058 —

1555 3053 1667 3102 Take
1684 3055 1717 3102 it
1737 3056 1778 3104 to
1798 3057 1866 3105 the
1887 3058 1995 3107 Lord
2020 3061 2061 3108 in
2082 3061 2229 3110 prayer
2230 3064 2241 3110 .

1503 3114 1567 3165 Do
1587 3114 1658 3164 thy
1680 3112 1831 3164 friends
1854 3111 2005 3163 despise
2010 3112 2017 3162 ,
2046 3110 2201 3162 forsake
2220 3111 2314 3161 thee
2325 3111 2347 3161 ?

1554 3158 1666 3207 Take
1684 3161 1718 3209 it
1738 3163 1776 3210 to
1797 3164 1866 3212 the
1887 3166 1993 3214 Lord
2014 3169 2054 3216 in
2085 3170 2234 3220 prayer
2244 3174 2256 3220 ;

1503 3223 1552 3264 In
1582 3223 1641 3264 his
1661 3223 1766 3264 arms
1781 3223 1871 3264 he'll
1894 3223 1986 3264 take
2004 3223 2083 3264 and
2099 3223 2224 3264 shield
2246 3223 2337 3264 thee
2349 3223 2360 3264 ;

1557 3276 1668 3313 Thou
1690 3276 1774 3313 wilt
1793 3276 1876 3313 find
1899 3276 1919 3313 a
1939 3276 2067 3313 solace
2089 3276 2203 3313 there
2206 3276 2214 3313 .
