3330 2601
651 383 740 412 KATE
759 383 888 412 SUMNER
907 383 990 412 BURE
992 383 1001 412 .

566 856 645 945 9
629 859 670 946 :
662 861 713 949 1

565 1473 655 1565 9
617 1475 670 1566 :
657 1476 731 1568 2

567 2048 647 2133 9
635 2048 690 2132 :

762 481 814 531 4

755 921 814 972 4

1290 671 1347 706 the

771 671 802 706 1.
838 671 886 706 Up
891 671 896 706 ,
912 671 1036 706 friends
1050 671 1083 706 of
1102 671 1241 706 Jesus
1245 671 1251 706 ,

770 704 798 742 2.
840 704 888 742 Up
893 704 899 742 ,
914 704 1038 742 friends
1050 704 1085 742 of
1103 704 1246 742 Jesus
1248 704 1255 742 ,
1296 704 1343 742 for

771 737 798 772 3.
817 737 916 772 Shout
920 737 926 772 ,
942 737 1064 772 friends
1079 737 1112 772 of
1125 737 1178 772 Je-
1191 737 1244 772 sus
1291 737 1341 772 for

1148 290 1242 352 No.
1260 290 1348 351 49.
1408 288 1599 351 WORK
1635 287 1769 350 AND
1805 287 1968 349 PRAY
1966 287 1987 348 .

820 1679 979 1709 CHORUS
980 1681 989 1709 .

775 1923 875 1948 Work
933 1920 999 1952 and
1044 1925 1125 1958 pray
1126 1929 1136 1957 ,
1140 1929 1165 1959 ..

1324 379 1344 413 "
1356 379 1402 413 Go
1418 379 1505 413 work
1519 379 1552 413 in
1567 379 1618 413 my
1633 379 1788 413 vineyard
1793 379 1800 413 .
1800 379 1817 413 "
1823 379 1852 413 -
1857 379 1941 413 Matt
1946 379 1953 413 .
1962 379 1997 413 21
2004 379 2013 413 :
2029 379 2064 413 28
2064 379 2075 413 .

773 1299 891 1331 Strong
939 1302 972 1324 in
1021 1294 1070 1331 his
1088 1294 1236 1331 strength
1251 1294 1295 1331 let
1330 1294 1366 1331 us

790 1330 894 1364 Wake
928 1330 1009 1364 from
1036 1330 1084 1364 re-
1095 1330 1171 1364 pose
1175 1330 1180 1364 ,
1218 1330 1294 1364 hear
1321 1330 1374 1364 the

791 1368 880 1391 Then
931 1365 977 1391 let
1032 1367 1072 1391 us
1105 1365 1164 1389 has

1048 2082 1113 2121 49

1273 1941 1315 1948 ...

1393 671 1525 706 harvest
1538 671 1607 706 now
1644 671 1669 706 is
1690 671 1786 706 white
1791 671 1796 706 ,
1803 671 1898 706 Work
1914 671 1979 706 will
1990 671 2067 706 soon
2079 671 2119 706 be
2163 671 2181 706 o
2232 671 2287 706 yer
2292 671 2298 706 ,
2321 671 2387 706 fast
2424 671 2496 706 falls
2514 671 2569 706 the
2582 671 2681 706 shade
2694 671 2729 706 of
2741 671 2832 706 night
2840 671 2850 706 ;

1376 704 1451 742 time
1468 704 1531 742 will
1544 704 1621 742 soon
1647 704 1685 742 be
1710 704 1775 742 o'er
1780 704 1785 742 ,
1811 704 1950 742 Harvest
1964 704 2041 742 days
2061 704 2118 742 are
2138 704 2223 742 pass-
2236 704 2293 742 ing
2337 704 2372 742 to
2407 704 2497 742 come
2528 704 2662 742 again
2681 704 2725 742 no
2736 704 2827 742 more
2833 704 2843 742 ;

1362 737 1457 772 when
1470 737 1528 772 our
1543 737 1631 772 work
1650 737 1675 772 is
1698 737 1781 772 done
1784 737 1789 772 ,
1805 737 1865 772 Joy
1878 737 1889 772 -
1898 737 1947 772 ful
1976 737 2023 772 we
2053 737 2118 772 will
2135 737 2212 772 gath
2216 737 2226 772 -
2237 737 2272 772 er

2339 741 2373 772 to

2413 741 2504 772 greet
2516 741 2571 772 the
2583 741 2641 772 har
2645 741 2653 772 -
2657 741 2725 772 vest
2738 741 2832 772 home
2842 741 2850 772 ;

1844 857 1946 965 B

1106 1962 1205 1996 Work
1224 1966 1287 1998 and
1306 1968 1389 2001 pray
1391 1971 1399 2001 ,

1414 1294 1480 1331 find
1512 1294 1566 1331 the

1602 1294 1675 1331 gold
1680 1294 1689 1331 -
1690 1294 1730 1331 en
1745 1294 1879 1331 sheaves
1888 1294 1897 1331 ;
1907 1294 2005 1331 Could
2022 1294 2068 1331 we
2080 1294 2164 1331 meet
2179 1294 2232 1331 the
2247 1294 2412 1331 Master
2427 1294 2502 1331 with
2516 1294 2639 1331 naught
2653 1294 2712 1331 but
2722 1294 2830 1331 leaves
2834 1294 2849 1331 ?

1411 1330 1498 1364 Mas-
1512 1330 1560 1364 ter
1597 1330 1659 1364 call
1670 1330 1680 1364 -
1690 1330 1746 1364 ing
1778 1330 1843 1364 still
1846 1330 1853 1364 ,
1877 1330 1951 1364 Rise
1981 1330 2014 1364 to
2058 1329 2151 1361 earn-
2164 1329 2214 1361 est
2257 1329 2291 1361 ef
2364 1329 2430 1361 fort
2452 1329 2526 1361 with
2548 1329 2633 1361 right
2645 1329 2724 1361 good
2741 1329 2805 1361 will
2807 1329 2815 1361 .

1233 1363 1287 1398 ten
1322 1363 1378 1397 the
1413 1361 1562 1397 golden
1578 1361 1711 1396 sheaves
1721 1361 1752 1395 to
1774 1361 1849 1395 bind
1856 1361 1861 1395 ,
1876 1361 1952 1395 Rest
1964 1360 2029 1394 and
2063 1360 2122 1394 life

2173 1365 2221 1389 e-
2248 1363 2298 1387 ter
2368 1364 2425 1388 nal
2468 1361 2516 1391 we
2558 1360 2603 1390 all
2635 1358 2717 1389 shall
2734 1357 2799 1388 find
2806 1358 2814 1387 .

1447 1922 1504 1955 yes
1508 1922 1515 1955 ,
1530 1922 1617 1955 work
1643 1922 1709 1955 and
1721 1922 1801 1955 pray
1803 1922 1813 1955 ,

1446 2082 1498 2127 9
1533 2083 1592 2128 L

2291 375 2374 409 OHAS
2375 377 2383 409 .
2394 377 2466 411 EDW
2469 379 2477 411 .
2491 379 2627 413 POLLOCK
2628 381 2636 413 ,
2648 382 2683 415 by
2692 382 2738 416 per
2737 383 2747 415 .

1749 2071 1785 2142 19461

1804 1960 1905 1995 Work
1919 1964 1984 1998 and
1997 1966 2077 2001 pray
2077 1969 2086 2000 ,

2327 844 2462 980 11

2328 1376 2339 1380 -

2158 1921 2217 1945 Let
2284 1913 2344 1949 the
2371 1913 2569 1949 watchword
2608 1913 2688 1949 pass

2252 2125 2355 2235 #
2349 2129 2448 2239 4

2765 1927 2788 1946 a
