2833 2412
287 226 365 287 20
395 223 416 281 *

447 255 561 273 ***
595 255 613 271 *

303 1408 370 1489 9

464 566 492 596 1.
512 565 614 597 Home
620 567 626 597 ,
629 567 707 598 dear
717 567 809 599 home
814 568 820 598 ,
824 568 869 598 we

466 599 496 630 2.
508 598 612 631 Lured
645 600 685 632 by
721 601 794 634 gain
822 602 869 634 we

465 636 494 660 3.
544 635 592 661 On
638 634 695 669 the
723 634 869 669 gilded

466 751 522 801 4

297 741 524 877 9:54

1042 225 1150 285 MY
1185 225 1357 285 OWN
1397 225 1593 285 DEAR
1629 225 1823 285 HOME
1830 225 1846 285 .

918 568 1056 600 never
1101 568 1162 604 can
1198 568 1250 604 for
1291 568 1345 604 get
1348 568 1354 604 ,
1361 568 1492 604 Friends
1498 568 1503 604 ,
1506 568 1587 604 dear
1595 568 1701 604 friend
1705 568 1711 604 ,
1716 568 1763 604 we
1771 568 1906 604 often
1931 568 2021 604 there
2036 568 2117 604 have
2127 568 2193 604 met
2204 568 2211 604 ;
2225 568 2350 604 Press'd
2360 568 2401 604 by
2409 568 2485 604 care

913 602 991 629 seek
1027 605 1048 629 a
1103 599 1262 635 foreign
1274 600 1368 635 shore
1372 601 1378 635 ,
1384 601 1478 635 Worn
1489 601 1552 635 and
1565 601 1710 637 weary
1756 602 1838 636 heap
1858 603 1912 637 the
1942 603 2040 637 gold-
2056 603 2097 638 en
2134 604 2189 635 ore
2194 604 2205 634 :
2231 604 2299 636 Still
2335 605 2392 637 our
2406 606 2504 637 yearn
2508 607 2517 637 -
2519 607 2575 638 ing

905 634 987 669 page
1025 634 1059 669 of
1078 634 1235 669 earthly
1270 634 1356 669 fame
1361 634 1367 669 ,
1372 634 1464 669 Some
1474 634 1548 669 may
1561 634 1641 669 pant
1673 634 1709 669 to
1759 635 1986 668 register
2000 637 2083 668 their
2094 637 2189 668 name
2201 637 2208 668 ;
2219 637 2333 669 Round
2348 638 2406 669 our
2415 638 2526 670 names
2535 639 2576 670 no

1262 582 1271 586 -

444 1225 573 1260 pierced
588 1226 627 1259 by
646 1225 731 1259 grief
733 1225 739 1258 ,
744 1225 846 1258 Home
858 1225 915 1258 has
948 1224 981 1257 af
984 1224 994 1257 -
995 1224 1066 1257 ford
1077 1224 1088 1257 -
1098 1224 1135 1257 ed
1171 1223 1212 1257 us
1264 1230 1283 1254 a
1319 1230 1418 1254 sweet
1448 1230 1506 1254 re-
1525 1230 1582 1254 lief
1586 1230 1592 1254 .
1597 1230 1606 1254 "

444 1260 552 1290 hearts
585 1260 622 1290 de
624 1260 634 1290 -
639 1260 737 1290 mand
742 1260 747 1290 ,
752 1260 828 1290 Rest
863 1260 896 1290 in
924 1260 979 1290 the
990 1260 1178 1290 homestead
1186 1260 1221 1290 of
1243 1260 1303 1290 our

439 1294 561 1326 wreath
573 1294 649 1326 may
670 1294 708 1326 be
714 1294 720 1326 ,
757 1294 820 1326 But
855 1294 917 1326 you
926 1294 998 1326 may
1006 1294 1083 1326 read
1092 1294 1179 1326 them
1190 1294 1230 1326 on
1244 1294 1301 1326 the

2107 259 2209 290 JOHN
2229 259 2263 290 B.
2277 259 2478 290 VAUGHAN
2479 259 2489 290 .

1635 967 1793 1002 CHORUS
1795 971 1805 1002 .

491 1882 504 1918 i
553 1882 594 1918 vy
607 1882 705 1918 green
719 1882 822 1918 round
835 1882 889 1918 the
907 1882 983 1918 pine
986 1882 992 1918 ,
1028 1882 1055 1918 O
1100 1882 1157 1918 ver
1183 1882 1262 1918 land
1276 1882 1342 1918 and
1354 1882 1410 1918 sea

519 1898 529 1902 -

2144 812 2186 850 R

2530 580 2565 598 or

1349 1257 1498 1287 native
1505 1259 1580 1287 land
1588 1259 1593 1287 .
1631 1259 1695 1288 Ten
1710 1260 1720 1288 -
1732 1260 1789 1288 der
1804 1261 1887 1290 mem
1901 1261 1914 1289 -
1932 1261 1951 1289 o
1997 1263 2061 1294 ries
2073 1263 2179 1294 round
2192 1263 2266 1294 thee
2274 1263 2372 1294 twine
2375 1263 2381 1294 ,
2387 1263 2465 1294 Like
2477 1263 2535 1294 the

1347 1295 1398 1321 old
1412 1295 1505 1321 home
1513 1295 1583 1321 tree
1586 1295 1595 1321 .

1457 1885 1506 1917 we
1539 1885 1615 1917 may
1627 1885 1716 1917 roam
1721 1885 1727 1917 ,
1732 1885 1800 1917 Still
1820 1885 1866 1917 we
1888 1885 1951 1917 will
1970 1885 2045 1917 cher
2048 1885 2058 1917 -
2059 1885 2106 1917 ish
2122 1885 2196 1917 thee
2198 1885 2205 1917 ,
2209 1885 2266 1917 our
2286 1885 2356 1917 own
2371 1885 2450 1917 dear
2459 1885 2554 1917 home
2557 1885 2566 1917 .
