2728 2245
273 480 391 518 Come
392 483 401 517 ,
430 484 537 521 come
538 486 549 520 ,
605 493 801 513 answer
842 483 913 524 our
960 480 1047 522 plea
1051 480 1059 519 ,
1085 477 1198 519 Draw

296 939 339 973 4

294 984 335 1021 4

156 1352 199 1396 9
201 1352 224 1395 :
231 1349 382 1395 5-4-2

217 1399 329 1439 -9-64

823 177 964 232 Bless
1002 177 1070 232 Us
1105 177 1227 232 Just
1259 177 1387 232 Now
1397 177 1411 232 .
1477 177 1753 232 Concluded
1757 177 1768 232 .

316 1529 508 1551 CHORUS
515 1529 525 1551 .

260 1960 391 1989 Copyright
396 1961 400 1987 ,
420 1959 478 1987 1888.
497 1959 526 1985 by
544 1956 671 1985 FILLMORE
686 1955 750 1983 BROS
753 1956 759 1982 .

1257 491 1301 518 us
1304 492 1312 517 ,
1397 479 1436 514 O
1514 477 1730 518 Saviour
1732 480 1741 518 ,
1792 480 1873 520 still
1904 481 1995 521 near
2017 482 2034 520 -
2056 482 2098 521 er

924 799 950 859 I
985 798 1081 858 Put
1120 798 1207 858 My
1241 796 1399 858 Trust
1430 796 1484 856 in
1519 795 1651 856 Thee
1652 796 1665 856 .

1722 926 1876 1028 H

1242 1099 1253 1103 -

267 1076 303 1119 1.
328 1076 391 1119 My
409 1076 565 1119 Saviour
584 1076 652 1119 and
668 1076 727 1119 my
744 1076 872 1119 Friend
877 1076 883 1119 ,
904 1076 921 1119 I
946 1076 1038 1119 trust
1054 1076 1092 1119 in
1110 1076 1192 1119 thee
1212 1076 1230 1119 a
1270 1076 1351 1119 lone
1363 1076 1371 1119 ;
1397 1076 1414 1119 I
1440 1076 1544 1119 know
1559 1076 1616 1119 thou
1626 1076 1706 1119 cam'st
1723 1076 1811 1119 from
1829 1076 1904 1119 God
1911 1076 1915 1119 ,
1933 1076 2015 1119 And
2029 1076 2082 1119 art
2097 1076 2152 1119 his
2166 1076 2209 1119 on
2215 1076 2227 1119 -
2227 1076 2265 1119 ly
2298 1076 2367 1119 Son
2372 1076 2381 1119 .

266 1133 302 1175 2.
329 1133 385 1175 No
403 1133 553 1175 dangers
570 1133 642 1175 e'er
654 1133 749 1175 shall
762 1133 865 1175 harm
886 1133 960 1175 The
973 1133 1137 1175 children
1153 1133 1191 1175 of
1207 1133 1268 1175 thy
1284 1133 1363 1175 care
1367 1133 1373 1175 ,
1394 1133 1569 1175 However
1580 1133 1677 1175 great
1691 1133 1785 1175 their
1795 1133 1868 1175 fear
1872 1133 1877 1175 ,
1897 1133 1976 1175 Thy
1991 1133 2100 1175 pow'r
2116 1133 2147 1175 is
2162 1133 2293 1175 always
2307 1133 2407 1175 there
2409 1133 2417 1175 .

265 1188 302 1231 3.
328 1188 357 1231 A
375 1188 490 1231 shield
502 1188 594 1231 from
610 1188 649 1231 ev
656 1188 668 1231 -
669 1188 678 1231 '
681 1188 723 1231 ry
769 1188 824 1231 foe
827 1188 832 1231 ,
864 1188 944 1231 Thy
959 1188 1056 1231 hand
1068 1188 1145 1231 will
1155 1188 1238 1231 ever
1292 1188 1333 1231 be
1339 1188 1345 1231 ,
1386 1188 1435 1231 To
1451 1188 1565 1231 guard
1580 1188 1640 1231 the
1653 1188 1769 1231 humblest
1786 1188 1867 1231 soul
1869 1188 1876 1231 ,
1891 1188 1985 1231 That
1997 1188 2079 1231 puts
2095 1188 2138 1231 its
2154 1188 2247 1231 trust
2260 1188 2298 1231 in
2310 1188 2391 1231 thee
2393 1188 2400 1231 .

264 1243 303 1287 4.
328 1243 410 1287 Thy
425 1243 521 1287 word
532 1243 627 1287 shall
639 1243 743 1287 never
770 1243 832 1287 fail
840 1243 846 1287 ,
865 1243 943 1287 Tho
946 1243 956 1287 '
969 1243 1036 1287 earth
1046 1243 1128 1287 may
1144 1243 1224 1287 pass
1238 1243 1255 1287 a
1260 1243 1270 1287 -
1273 1243 1350 1287 way
1358 1243 1367 1287 ;
1390 1243 1485 1287 Thro
1487 1243 1497 1287 '
1511 1243 1552 1287 ev
1556 1243 1569 1287 -
1568 1243 1577 1287 '
1582 1243 1622 1287 ry
1634 1243 1724 1287 change
1737 1243 1799 1287 thy
1813 1243 1893 1287 love
1909 1243 1995 1287 Will
2008 1243 2088 1287 lead
2104 1243 2139 1287 to
2150 1243 2286 1287 perfect
2303 1243 2374 1287 day
2376 1243 2386 1287 .

1165 1863 1183 1876 49

2375 178 2439 224 65

2190 265 2349 315 Repeat
2370 281 2416 320 pp

2175 483 2215 511 to

1220 1982 1251 2006 S.
1265 1982 1304 2006 R.
1307 1982 1329 2006 -
1337 1982 1355 2006 5
1359 1983 1364 2007 .

2276 483 2364 513 thee
2368 483 2376 513 .

1832 862 1941 893 Words
1957 862 2019 893 and
2036 862 2137 893 Music
2154 862 2192 893 by
2208 862 2236 893 J.
2251 862 2291 893 H.
2305 862 2339 893 F.

696 1555 818 1664 P

2053 1593 2115 1671 !

311 1731 334 1775 I
366 1731 458 1775 trust
475 1731 536 1775 my
553 1731 608 1775 all
631 1731 664 1775 to
693 1731 774 1775 thee
779 1731 784 1775 ,
800 1731 904 1775 From
922 1731 1002 1775 thee
1017 1731 1044 1775 it
1063 1731 1142 1775 sure
1146 1731 1158 1775 -
1159 1731 1196 1775 ly
1222 1731 1321 1775 came
1332 1731 1340 1775 ;
1367 1731 1395 1775 O
1422 1731 1505 1775 help
1526 1731 1581 1775 me
1610 1731 1651 1775 ev
1656 1731 1668 1775 -
1668 1731 1677 1775 '
1682 1731 1722 1775 ry
1763 1731 1831 1775 day
1838 1731 1844 1775 ,
1879 1731 1926 1775 To
1968 1731 2026 1775 glo
2040 1731 2052 1775 -
2065 1731 2096 1775 ri
2112 1731 2125 1775 -
2139 1731 2174 1775 fy
2195 1731 2260 1775 thy
2278 1731 2385 1775 name
2389 1731 2397 1775 .

2295 1831 2426 1922 E
2356 1830 2446 1920 ||

2419 347 2433 381 T
