2395 3319
375 259 476 313 No.
500 259 608 313 203
614 260 625 314 .

461 362 516 391 W.
540 362 578 391 E.
599 362 636 391 P.

390 1784 459 1893 G

461 1501 476 1563 AAF

791 260 930 319 THE
966 260 1408 319 SHELTERING
1446 260 1629 319 ROCK
1634 260 1649 319 .

548 406 629 446 Slow
633 406 642 446 .
672 406 751 446 May
766 406 805 446 be
819 406 907 446 sung
923 406 1001 446 with
1016 406 1100 446 good
1115 406 1208 446 effect
1222 406 1260 446 as
1277 406 1297 446 a
1316 406 1390 446 Solo
1391 406 1402 446 .

1091 467 1245 591 95

403 1131 495 1233 $

1809 1122 1927 1238 F

536 1277 626 1316 burn
630 1277 642 1315 -
642 1277 705 1315 ing
718 1277 805 1315 sand
810 1277 816 1315 ,
835 1276 915 1314 In-
940 1276 994 1314 vit
993 1276 1006 1314 -
1008 1276 1070 1314 ing
1099 1274 1261 1314 pilgrims
1301 1275 1337 1313 as
1350 1274 1434 1313 they
1446 1274 1525 1312 pass
1559 1274 1606 1312 To
1632 1273 1712 1312 seek
1739 1273 1757 1311 a
1772 1273 1881 1311 shade
1890 1273 1928 1311 in
1951 1272 2016 1310 the

479 1319 494 1361 -
506 1319 661 1361 treating
669 1319 777 1361 strain
781 1319 788 1361 ,
801 1319 820 1361 "
835 1319 890 1361 Ho
895 1319 902 1361 ,
944 1319 984 1361 ev
987 1319 1001 1361 -
1003 1319 1012 1361 '
1017 1319 1059 1361 ry
1076 1319 1246 1361 thirsting
1260 1319 1314 1361 sin
1317 1319 1328 1361 -
1331 1319 1405 1361 sick
1416 1319 1493 1361 soul
1496 1319 1502 1361 ,
1511 1319 1614 1361 Come
1623 1319 1732 1361 freely
1743 1319 1848 1361 drink
1852 1319 1858 1361 ,
1865 1319 1933 1361 and
1943 1319 2031 1361 thou

520 1364 710 1405 mountain
719 1364 794 1405 side
796 1364 803 1405 ,
818 1364 892 1405 The
900 1364 1080 1405 Shepherd
1092 1364 1193 1405 climbs
1205 1364 1276 1405 o'er
1284 1364 1444 1405 mountains
1455 1364 1551 1405 steep
1555 1364 1561 1405 ,
1571 1364 1653 1405 He's
1665 1364 1815 1405 searching
1825 1364 1902 1405 now
1913 1364 1965 1405 for
1978 1364 2031 1405 his

535 1411 622 1441 crim
626 1411 639 1441 -
637 1411 703 1441 son
717 1411 794 1441 tide
836 1411 866 1441 A
938 1409 995 1447 sac
1006 1409 1021 1447 -
1033 1409 1090 1447 ri-
1104 1409 1168 1447 fice
1182 1409 1235 1447 for
1282 1409 1354 1447 sins
1377 1409 1417 1447 of
1444 1409 1526 1447 men
1529 1409 1534 1447 ,
1553 1409 1635 1447 And
1650 1409 1721 1447 free
1737 1409 1773 1447 to
1808 1409 1859 1447 all
1868 1409 1946 1447 who
1957 1409 2033 1447 will

392 2840 471 2914 @

1497 470 1594 596 El

1177 633 1251 673 wea
1262 634 1277 672 -
1286 633 1329 671 ry
1367 631 1452 671 land
1457 632 1463 670 ,

509 634 526 662 1
554 634 667 662 There
711 634 745 662 is
818 643 841 663 a
888 634 981 662 Rock
1023 634 1060 662 in
1108 643 1132 663 a

1508 631 1558 669 Its
1583 629 1668 669 shad
1673 630 1684 668 -
1686 630 1738 668 ow
1763 628 1845 667 falls
1868 628 1913 666 on
1945 626 2009 665 the

507 679 527 707 2
554 679 666 707 There
710 679 742 707 is
816 688 839 708 a
886 678 980 706 Well
1021 678 1058 705 in
1107 688 1129 707 a
1183 676 1340 716 desert
1364 676 1461 716 plain
1465 676 1471 716 ,
1510 676 1561 716 Its
1595 676 1663 716 wa-
1679 676 1749 716 ters
1773 676 1840 716 call
1854 676 1943 716 with
1957 676 2000 716 en-

507 725 531 752 3
572 725 608 752 A
682 720 783 760 great
790 720 865 760 fold
875 720 996 760 stands
1009 720 1095 760 with
1109 720 1154 760 its
1183 720 1271 760 por-
1283 720 1352 760 tals
1367 720 1459 760 wide
1463 720 1469 760 ,
1498 720 1574 760 The
1587 720 1694 760 sheep
1707 720 1741 760 a-
1759 720 1855 760 stray
1871 720 1915 760 on
1945 720 2010 760 the

817 776 840 796 a
885 767 977 806 cross
986 766 1102 805 where
1109 766 1172 804 the
1181 766 1263 804 Sav-
1275 765 1355 803 iour
1372 765 1453 803 died
1458 765 1463 803 ,
1488 764 1554 802 His
1563 763 1665 802 blood
1676 762 1792 801 flow'd
1801 762 1865 801 out
1880 762 1917 800 in

506 768 527 797 4
552 766 667 797 There
709 766 742 795 is

1965 776 1988 796 a

549 2159 594 2293 -

852 1705 1036 1738 REFRAIN
1039 1710 1050 1738 .

561 1953 624 1985 wil
634 1955 649 1985 -
665 1955 740 1987 der-
754 1956 833 1988 ness
834 1958 842 1988 .

546 1999 641 2030 shalt
657 1999 700 2028 be
711 1998 825 2028 whole
825 1998 833 2027 .
837 1998 857 2027 "

532 2040 733 2083 wand'ring
739 2043 846 2084 sheep
849 2045 859 2084 .

568 2090 642 2121 en-
665 2089 719 2118 ter
763 2087 801 2116 in
805 2087 815 2115 .

1519 356 1574 393 W.
1596 357 1635 394 E.
1657 358 1771 398 PENN
1773 361 1782 397 ,
1800 361 1849 399 by
1865 363 1929 400 per
1928 365 1938 401 .

515 2608 628 2650 When
641 2609 705 2649 the
733 2609 922 2651 shelt'ring
941 2611 1037 2652 Rock
1075 2612 1111 2652 is
1169 2621 1206 2643 SO

515 2657 629 2691 When
643 2657 704 2691 the
747 2657 914 2691 living
947 2657 1039 2691 Well
1074 2657 1108 2691 is
1167 2666 1203 2687 SO

513 2699 629 2740 When
641 2699 703 2740 the
734 2699 945 2740 Shepherd's
960 2699 1032 2740 fold
1076 2699 1112 2740 is
1170 2711 1209 2731 SO

513 2741 629 2775 When
643 2743 705 2775 the
736 2743 838 2777 crim-
855 2744 915 2777 son
949 2745 1040 2778 cross
1077 2746 1109 2778 is

1168 2754 1207 2774 SO

1133 2765 1147 2773 S

1512 1757 1648 1895 E

909 2018 1010 2059 Then
1020 2020 1104 2059 why
1113 2022 1190 2061 will
1202 2023 1252 2063 ye
1306 2019 1367 2049 die
1370 2020 1389 2048 ?
1479 2018 1536 2057 Oh
1547 2018 1560 2057 !
1575 2018 1658 2057 why
1671 2018 1748 2057 will
1764 2019 1808 2058 ye
1840 2019 1899 2058 die
1907 2019 1925 2058 ?

1061 2836 1180 2952 H

489 2995 623 3025 Copyright
625 2995 629 3022 ,
642 2994 695 3023 1887
699 2994 703 3021 ,
718 2994 745 3021 by
761 2993 793 3020 W.
807 2992 832 3020 E.
845 2991 912 3019 Penn
917 2991 922 3018 .
950 2989 989 3018 All
1001 2989 1080 3017 rights
1092 2986 1205 3016 reserved
1208 2987 1214 3014 .

1173 3030 1256 3062 192

1575 2384 1694 2413 Slower
1696 2384 1705 2413 .

1253 2611 1336 2653 near
1368 2611 1414 2652 by
1422 2611 1440 2651 ?
1464 2611 1517 2651 Oh
1531 2610 1539 2650 !
1571 2608 1654 2650 why

1251 2656 1335 2697 near
1365 2656 1411 2696 by
1419 2656 1437 2696 ?
1460 2656 1515 2696 Oh
1528 2655 1538 2695 !
1571 2655 1655 2695 why

1253 2699 1337 2741 near
1368 2700 1415 2740 by
1425 2699 1441 2739 ?
1464 2699 1519 2739 Oh
1531 2699 1539 2739 !
1572 2698 1655 2739 why

1252 2744 1336 2784 near
1367 2745 1414 2783 by
1421 2744 1439 2782 ?
1463 2744 1517 2782 Oh
1532 2744 1541 2782 !
1573 2742 1655 2781 why

1768 1756 1883 1871 1

1761 2150 1924 2270 12

1702 2607 1777 2649 will
1792 2608 1839 2648 ye
1882 2607 1941 2647 die
1947 2607 1966 2647 ?

1702 2655 1778 2695 will
1794 2654 1839 2694 ye

1702 2697 1776 2738 will
1794 2697 1839 2737 ye

1702 2742 1780 2781 will
1795 2742 1839 2780 ye

1883 2654 1943 2694 die
1947 2654 1966 2694 ?

1883 2697 1942 2737 die
1946 2696 1966 2736 ?

1885 2741 1942 2779 die
1950 2741 1966 2779 ?

2011 2434 2024 2520 HIMA
