1775 2419
202 276 283 311 476

554 280 694 310 CROSS
718 279 814 309 AND
840 279 1064 308 COMFORT
1072 279 1079 307 .

311 382 441 432 Dark
460 382 549 432 lies
571 382 670 432 and
689 382 793 432 sore
816 382 1135 432 temptations
1154 382 1167 432 ;

261 453 387 498 Lord
393 455 403 498 ,
425 455 532 500 hear
552 457 636 501 my
657 458 858 504 prayers
864 461 875 504 ,

265 517 360 557 And
386 517 534 558 break
558 518 682 559 these
706 519 874 559 snares

320 574 430 618 And
452 573 628 617 hellish
653 571 1013 616 machinations
1020 572 1029 614 .

210 660 231 711 6
264 660 399 711 With
423 660 548 711 Thee
557 660 567 711 ,
592 660 716 711 Lord
724 660 732 711 ,
758 660 919 711 would
942 660 962 711 I
985 660 1088 711 cast
1117 660 1197 711 my
1216 660 1287 711 lot
1307 660 1320 711 ;

263 729 345 779 My
371 728 472 778 God
478 728 487 776 ,
511 727 590 776 my
615 726 714 775 God
724 726 732 774 ,
757 724 948 774 forsake
965 722 1041 772 me
1065 721 1150 771 not
1157 722 1168 770 ,

322 797 415 850 For
420 797 430 848 ,
456 796 580 848 Lord
585 796 595 847 ,
620 795 638 846 I
660 794 740 846 am
761 790 1106 845 commending

268 865 346 912 My
365 864 465 911 soul
486 864 534 910 to
560 863 685 909 Thee
706 863 715 908 ;

268 932 463 972 Deliver
480 936 558 973 me

323 994 440 1049 Now
450 995 461 1048 ,
484 993 580 1048 and
603 992 745 1047 when
767 991 854 1045 life
883 991 921 1044 is
946 989 1128 1044 ending
1135 989 1142 1042 .

210 1090 237 1138 7
263 1089 337 1137 All
359 1087 511 1137 honor
518 1088 527 1136 ,
550 1086 711 1136 praise
717 1087 725 1135 ,
749 1085 839 1134 and
863 1084 1078 1134 majesty

264 1153 328 1205 To
353 1152 524 1204 Father
531 1152 540 1203 ,
564 1150 658 1203 Son
667 1151 675 1202 ,
700 1150 790 1202 and
812 1149 955 1202 Spirit
979 1149 1037 1200 be
1042 1149 1054 1200 ,

321 1219 426 1269 Our
442 1219 547 1269 God
566 1219 759 1269 forever
778 1219 993 1269 glorious
1000 1219 1010 1269 ,

263 1278 322 1325 In
345 1280 504 1329 whose
523 1285 623 1333 rich
646 1288 790 1337 grace

269 1355 415 1395 We'll
436 1358 527 1397 run
550 1360 638 1399 our
659 1362 772 1401 race
777 1364 786 1401 ,

328 1422 424 1473 Till
443 1421 515 1471 we
539 1418 711 1470 depart
731 1413 997 1467 victorious
1001 1414 1013 1463 .

212 1548 312 1594 353

314 1621 353 1668 N

386 1620 647 1670 weariness
670 1623 760 1671 and
780 1623 895 1672 pain
902 1624 914 1671 ,

259 1620 377 1731 IN

342 1687 415 1739 By
438 1687 538 1739 sins
561 1687 657 1740 and
679 1688 812 1741 fears
834 1688 1092 1742 oppressed
1100 1690 1111 1742 ,

267 1757 286 1807 I
308 1756 419 1806 turn
446 1756 520 1806 me
540 1755 588 1805 to
612 1755 693 1805 my
719 1754 835 1805 Rest
859 1753 1003 1804 again
1011 1754 1021 1804 ,

326 1825 406 1875 My
428 1822 577 1874 soul's
601 1820 787 1872 eternal
810 1818 929 1869 Rest
941 1818 953 1867 :

1196 1554 1232 1582 S.
1267 1554 1318 1582 M.

210 1912 234 1958 2
267 1912 357 1958 The
380 1912 532 1958 Lamb
557 1912 664 1958 that
688 1912 795 1958 died
818 1912 896 1958 for
917 1912 993 1958 me
1001 1912 1010 1958 ,

322 1980 434 2029 And
457 1980 560 2029 still
580 1980 662 2029 my
682 1980 798 2029 load
819 1980 935 2029 doth
959 1980 1077 2029 bear
1090 1980 1100 2029 ;

268 2048 332 2098 To
355 2047 499 2097 Jesus
504 2048 520 2097 '
541 2046 807 2097 streaming
834 2045 1035 2096 wounds
1060 2045 1081 2094 I
1103 2045 1191 2094 flee
1197 2045 1208 2094 ,

321 2115 429 2165 And
452 2115 553 2165 find
575 2115 656 2165 my
681 2115 807 2165 quiet
836 2115 974 2165 there
976 2115 987 2165 ;
