2221 3226
351 246 461 299 No.
486 246 616 299 157.
675 246 864 299 When
897 246 998 299 the
1034 246 1199 299 Mists
1232 246 1385 299 have
1419 246 1653 299 cleared
1686 246 1860 299 away
1866 246 1882 299 .

1495 355 1529 387 J.
1550 355 1596 388 H.
1619 356 1834 392 ANDERSON
1838 360 1847 392 .

374 360 492 390 ANNE
518 360 711 390 HERBERT
709 360 722 390 .

289 460 393 589 &

1760 614 1825 645 the
1839 616 1924 647 hills
1926 618 1936 647 ,

391 614 425 654 1.
453 614 566 654 When
580 614 643 654 the
653 614 754 654 mists
766 614 856 654 have
864 614 969 654 roll'd
984 614 1020 654 in
1045 614 1144 654 splen
1149 614 1161 654 -
1164 614 1225 654 dor
1245 614 1348 654 From
1374 614 1435 654 the
1444 614 1551 654 beau-
1564 614 1604 654 ty
1648 614 1692 654 of

775 670 814 710 in
860 670 941 710 hu-
956 670 1039 710 man
1061 670 1241 710 blindness
1247 670 1252 710 ,
1270 670 1350 710 And
1375 670 1441 710 for-
1455 670 1511 710 get
1550 670 1631 710 that
1647 670 1700 710 we

390 676 414 703 2
414 675 423 702 .

495 673 534 701 If
576 676 627 705 we
652 680 706 709 err
708 683 714 709 ,

1768 673 1827 708 are
1843 672 1926 707 dust
1928 673 1935 706 ,

394 728 426 758 3.
454 728 568 758 When
578 728 641 758 the
651 728 752 758 mists
764 728 853 758 have
862 728 947 758 ris'n
988 728 1017 758 a-
1036 728 1123 758 bove
1183 727 1226 765 us
1229 727 1236 765 ,
1264 727 1346 765 And
1370 727 1437 765 our
1450 727 1552 765 Fath-
1571 727 1607 765 er
1623 727 1745 765 knows
1765 727 1831 765 His
1845 727 1924 765 own
1927 727 1936 765 ,

441 843 479 878 4

370 886 481 928 224

389 1513 419 1549 k

368 1557 429 1596 22

439 471 483 507 4

440 515 482 553 4

388 2157 418 2196 b

365 2204 432 2242 bb

371 2814 416 2847 -b

1638 1291 1681 1311 on

460 1281 544 1318 And
560 1281 622 1318 the
632 1281 698 1318 sun
700 1281 713 1318 -
714 1281 816 1318 shine
820 1281 826 1318 ,
841 1281 946 1318 warm
959 1281 1028 1318 and
1043 1281 1133 1318 ten-
1150 1281 1210 1318 der
1215 1281 1221 1318 ,
1240 1281 1335 1318 Falls
1366 1281 1402 1318 in
1421 1281 1494 1318 kiss
1509 1281 1525 1318 -
1548 1281 1584 1318 es

475 1340 515 1370 If
556 1340 607 1369 we
617 1340 702 1369 miss
739 1339 801 1368 the
823 1339 891 1368 law
958 1337 1001 1371 of
1025 1337 1114 1372 kind
1117 1337 1128 1371 -
1133 1338 1211 1372 ness
1226 1338 1337 1374 When
1356 1339 1406 1373 we
1423 1339 1604 1375 struggle
1640 1341 1677 1375 to

453 1393 545 1430 Face
568 1393 604 1430 to
620 1393 697 1430 face
720 1393 809 1430 with
824 1393 922 1430 those
938 1393 1017 1430 that
1033 1393 1111 1430 love
1159 1393 1198 1430 us
1203 1393 1210 1430 ,
1233 1393 1296 1430 We
1327 1393 1420 1430 shall
1432 1393 1537 1430 know
1546 1393 1586 1430 as
1634 1404 1687 1423 we

462 1932 525 1973 We
548 1932 631 1972 may
639 1932 722 1972 read
736 1931 843 1972 love's
856 1931 934 1971 shin
940 1931 949 1971 -
952 1931 1013 1971 ing
1039 1930 1093 1970 let
1153 1933 1208 1960 ter
1273 1933 1322 1960 In
1379 1925 1443 1962 the
1454 1927 1531 1963 rain
1534 1928 1548 1963 -
1550 1928 1628 1965 bow
1663 1930 1702 1967 of
1743 1932 1805 1968 the
1820 1933 1923 1971 spray
1930 1935 1941 1970 :

452 1988 556 2027 Snow
554 1988 568 2027 -
578 1988 601 2027 y
620 1988 731 2027 wings
747 1988 786 2027 of
805 1988 909 2027 peace
932 1988 1025 2027 shall
1039 1988 1102 2027 cov
1118 1988 1136 2027 -
1158 1988 1199 2027 er
1257 1986 1320 2018 All

1373 1983 1435 2023 the
1446 1983 1544 2024 plain
1558 1984 1638 2025 that
1654 1985 1756 2026 hides
1779 1987 1800 2026 a

453 2042 547 2083 Love
550 2042 557 2083 ,
569 2042 711 2083 beyond
737 2042 798 2083 the
844 2042 1018 2083 orient
1033 2042 1209 2083 meadows
1234 2042 1353 2083 Floats
1378 2042 1440 2083 the
1449 2042 1545 2083 gold-
1563 2042 1605 2083 en
1623 2042 1737 2083 fringe
1766 2042 1808 2083 of

1844 1987 1924 2028 way
1926 1989 1935 2028 ,

1853 2042 1923 2083 day
1927 2042 1935 2083 ,

1771 2095 1813 2129 1

1737 1277 1803 1313 the
1824 1280 1904 1317 rills
1905 1283 1914 1316 ,

1748 1336 1794 1374 be
1826 1339 1905 1378 just
1905 1343 1913 1378 ,

1731 1394 1789 1423 are
1795 1394 1927 1424 known
1929 1395 1939 1423 ,

1094 2658 1106 2664 -

461 2583 525 2614 We
542 2583 633 2614 shall
641 2583 744 2616 know
759 2584 842 2615 each
856 2585 933 2616 oth-
949 2585 986 2616 er
1032 2588 1093 2615 bet
1151 2581 1207 2617 ter
1230 2581 1345 2619 When
1369 2582 1432 2620 the
1446 2583 1546 2621 mists
1558 2584 1647 2621 have
1660 2585 1785 2622 clear'd
1802 2586 1821 2622 a
1825 2586 1837 2622 -
1847 2587 1925 2624 way
1927 2587 1938 2623 .

462 2638 577 2677 When
584 2640 647 2678 the
657 2640 774 2679 weary
799 2641 914 2680 watch
952 2643 985 2680 is
1050 2652 1106 2671 0-
1147 2642 1209 2680 ver
1209 2642 1216 2680 ,
1246 2642 1327 2680 And
1370 2642 1433 2680 the
1447 2642 1547 2680 mists
1558 2642 1649 2680 have
1660 2642 1787 2680 clear'd
1800 2642 1821 2680 a
1824 2642 1836 2680 -
1847 2642 1926 2680 way
1926 2642 1935 2680 .

438 2695 552 2735 Heart
568 2695 602 2735 to
620 2695 721 2735 heart
737 2695 788 2735 we
821 2695 903 2735 bide
941 2695 1004 2735 the
1026 2695 1112 2735 shad
1118 2695 1126 2735 -
1130 2695 1200 2735 ows
1204 2695 1210 2735 ,
1259 2695 1330 2735 Till
1369 2695 1429 2735 the
1444 2695 1543 2735 mists
1556 2695 1645 2735 have
1657 2695 1786 2735 clear'd
1798 2695 1833 2735 a-
1845 2695 1925 2735 way
1926 2695 1936 2735 .

1546 2778 1661 2895 #

739 2953 900 2981 Copyrighted
912 2953 959 2981 and
972 2953 1028 2981 used
1041 2953 1070 2981 by
1083 2953 1125 2981 per
1129 2953 1134 2981 .
1146 2953 1171 2981 S.
1183 2953 1368 2981 BRAINARD'S
1386 2953 1462 2981 SONS
1466 2953 1474 2981 .

1084 2993 1166 3025 172

1817 2005 1827 2008 -
