3030 5370
1059 328 1596 414 HYMNS
1680 336 2110 420 FROM

491 500 537 571 "
552 500 1111 576 WINDOWS
1186 505 1319 577 OF
1405 507 1844 582 HEAVEN
1858 511 1895 582 "
1984 512 2269 585 SONG
2352 515 2637 588 BOOK
2647 518 2667 589 .

1594 679 1673 717 Let
1689 681 1810 719 those
1825 683 1968 721 refuse
1982 686 2027 723 to
2042 686 2136 724 sing

1634 724 1746 767 Who
1763 726 1894 770 never
1910 728 2032 771 knew
2053 730 2128 772 our
2145 731 2236 773 God
2238 732 2251 773 ;

1589 771 1674 816 But
1690 773 1878 819 children
1895 776 1945 820 of
1957 777 2028 821 the
2045 778 2242 825 heav'nly
2261 781 2377 826 King
2381 783 2392 826 ,

1587 819 1674 861 But
1689 821 1877 864 children
1898 824 1946 866 of
1958 825 2031 866 the
2048 826 2245 870 heav'nly
2266 829 2383 872 King
2387 831 2397 871 ,

537 682 643 717 THE
672 682 827 718 PRIZE
858 684 903 718 IS
933 684 1030 719 SET
1060 685 1276 720 BEFORE
1305 686 1370 721 US
1376 687 1386 721 .

585 782 676 823 The
692 783 802 824 prize
816 785 851 824 is
870 785 929 825 set
953 785 1095 826 before
1114 787 1160 826 us-

586 828 643 866 To
662 828 737 866 win
743 828 750 866 ,
773 828 848 866 our
868 829 972 867 Lord
992 829 1187 869 implores
1206 830 1251 868 us
1258 830 1268 868 !

586 871 674 912 The
692 871 765 911 eye
783 872 827 912 of
846 872 933 914 God
953 873 984 913 is
1004 873 1088 915 o'er
1106 874 1152 914 us
1158 874 1169 914 ,

588 913 707 955 From
727 915 779 956 on
798 915 899 957 high
908 917 913 957 ,
936 917 1042 959 from
1062 919 1114 960 on
1133 919 1235 961 high
1239 921 1251 961 !

584 957 657 1000 His
673 958 815 1002 loving
834 960 952 1003 tones
968 961 1036 1004 are
1053 962 1203 1006 falling
1206 965 1214 1006 ,

583 998 722 1043 While
736 1001 801 1044 sin
813 1003 849 1045 is
865 1003 971 1047 dark
976 1006 984 1047 ,
1001 1006 1203 1052 appaling
1207 1010 1218 1051 ;

580 1043 596 1086 '
601 1042 668 1087 Tis
687 1044 807 1090 Jesus
825 1046 971 1092 gently
984 1049 1136 1095 calling-

586 1093 647 1133 He
666 1093 697 1133 is
717 1093 816 1134 nigh
823 1095 832 1134 ,
854 1095 916 1136 He
934 1096 965 1136 is
984 1097 1085 1137 nigh
1090 1098 1099 1137 .

475 1159 565 1202 CHO
568 1159 579 1201 .
581 1159 614 1201 -
627 1160 692 1202 By
709 1160 791 1204 and
811 1161 866 1203 by
886 1161 943 1204 we
962 1161 1069 1205 shall
1087 1162 1194 1206 meet
1215 1164 1310 1207 Him
1316 1164 1326 1206 ,

628 1205 691 1246 By
708 1205 791 1247 and
811 1206 866 1248 by
887 1207 943 1248 we
962 1207 1065 1249 shall
1086 1209 1200 1251 greet
1217 1210 1310 1252 Him
1318 1211 1328 1251 ,

626 1242 721 1285 And
740 1244 840 1287 with
861 1247 981 1289 Jesus
999 1249 1115 1292 reign
1133 1252 1175 1294 in
1193 1253 1312 1296 glory
1315 1256 1325 1296 ,

627 1295 689 1335 By
708 1295 790 1337 and
812 1296 866 1336 by
871 1296 879 1336 ,
900 1297 956 1337 by
970 1297 1051 1339 and
1071 1298 1126 1338 by
1131 1298 1142 1338 ;

626 1338 688 1376 By
706 1338 790 1377 and
808 1339 863 1377 by
883 1339 941 1378 we
960 1339 1067 1379 shall
1081 1340 1190 1380 meet
1209 1342 1302 1381 Him
1308 1342 1316 1380 ,

627 1382 688 1423 By
707 1382 791 1424 and
808 1383 865 1424 by
883 1384 942 1425 we
961 1384 1066 1426 shall
1085 1386 1202 1427 greet
1222 1387 1316 1428 Him
1324 1388 1335 1428 ,

622 1418 715 1463 And
736 1420 837 1465 with
856 1422 976 1467 Jesus
994 1425 1110 1470 reign
1134 1428 1174 1472 in
1192 1429 1312 1474 glory
1313 1432 1326 1474 ,

621 1471 683 1510 By
702 1471 785 1511 and
804 1472 858 1512 by
861 1473 871 1511 .

579 1536 650 1569 We
670 1536 805 1570 follow
829 1537 962 1571 where
985 1538 1044 1571 He
1061 1539 1229 1572 leadeth-

577 1583 651 1621 We
668 1583 841 1621 pasture
859 1583 996 1621 where
1019 1583 1079 1621 He
1097 1583 1265 1621 feedeth-

579 1622 650 1662 We
669 1623 778 1663 yield
797 1625 841 1664 to
862 1626 955 1665 Him
977 1627 1070 1667 who
1086 1628 1285 1669 pleadeth

580 1668 697 1707 From
719 1670 770 1708 on
791 1670 889 1709 high
898 1672 905 1709 ,
924 1672 1031 1711 from
1051 1674 1101 1712 on
1122 1674 1224 1713 high
1229 1676 1241 1713 !

576 1710 657 1755 For
673 1711 840 1757 naught
853 1714 959 1759 from
982 1716 1075 1760 Him
1096 1717 1173 1762 can
1191 1719 1308 1764 sever
1311 1721 1324 1764 ;

575 1755 661 1796 Our
677 1757 787 1799 hope
803 1759 910 1801 shall
927 1761 1127 1804 brighten
1144 1765 1241 1807 ever
1244 1767 1256 1806 ;

575 1800 666 1835 And
685 1802 794 1837 faith
813 1804 921 1839 shall
937 1807 1013 1840 fail
1031 1808 1078 1841 us
1096 1809 1225 1844 never-

576 1846 636 1886 He
654 1848 687 1886 is
706 1848 803 1888 nigh
810 1850 819 1888 ,
840 1850 904 1890 He
920 1852 954 1890 is
971 1852 1072 1893 nigh
1078 1854 1087 1892 .

575 1910 660 1951 Our
678 1912 800 1953 home
817 1915 851 1955 is
870 1915 1013 1958 bright
1031 1919 1164 1960 above
1181 1921 1230 1961 us
1233 1922 1246 1961 ;

575 1957 639 1991 No
656 1959 774 1995 trials
792 1962 910 1998 there
930 1965 974 1999 to
991 1966 1112 2002 move
1128 1969 1177 2003 us
1179 1971 1189 2003 ,

572 2000 660 2033 But
677 2001 815 2035 Christ
836 2003 909 2036 our
930 2004 1035 2037 Lord
1054 2006 1098 2039 to
1117 2007 1208 2039 love
1228 2008 1274 2041 us
1277 2009 1287 2040 ,

575 2042 724 2085 Dwells
744 2045 794 2086 on
814 2045 915 2087 high
924 2047 933 2087 :
959 2047 1097 2090 dwells
1116 2049 1168 2090 on
1187 2049 1289 2091 high
1295 2051 1308 2091 !

571 2092 644 2133 We
661 2092 756 2134 give
774 2093 850 2135 our
868 2094 957 2136 best
977 2095 1186 2137 endeavor
1191 2097 1202 2137 ;

574 2134 647 2173 We
666 2135 800 2175 praise
822 2137 893 2176 His
912 2138 1033 2177 name
1051 2139 1213 2179 forever
1217 2142 1229 2179 ;

575 2179 649 2220 His
667 2180 855 2222 precious
876 2182 1006 2223 words
1026 2184 1101 2224 can
1120 2184 1248 2225 never-

576 2225 712 2261 Never
725 2227 792 2262 die
796 2227 804 2261 ,
821 2227 946 2263 never
964 2229 1030 2264 die
1035 2229 1044 2263 .

797 2339 1085 2374 BETHANY
1089 2339 1102 2374 .

582 2443 740 2486 Nearer
742 2443 751 2486 ,
773 2443 847 2486 my
867 2443 958 2486 God
963 2443 971 2486 ,
985 2443 1032 2486 to
1049 2443 1162 2486 Thee
1165 2443 1177 2486 ,

631 2488 787 2522 Nearer
805 2489 846 2521 to
869 2489 980 2522 Thee
980 2490 995 2522 !

583 2534 687 2575 E'en
706 2536 864 2577 though
884 2538 919 2577 it
935 2539 987 2579 be
1003 2540 1027 2579 a
1043 2540 1153 2580 cross

630 2578 736 2616 That
753 2582 905 2622 raiseth
924 2587 996 2624 me
997 2590 1006 2624 ,

581 2629 678 2670 Still
690 2629 746 2669 all
763 2630 836 2670 my
855 2630 958 2672 song
975 2630 1087 2672 shall
1103 2632 1156 2672 be
1159 2632 1171 2672 ,

580 2674 738 2716 Nearer
743 2675 751 2715 ,
767 2676 841 2716 my
861 2676 951 2718 God
958 2677 967 2717 ,
987 2677 1030 2717 to
1049 2677 1161 2719 Thee
1163 2678 1175 2718 ,

627 2723 784 2758 Nearer
802 2724 845 2757 to
866 2724 975 2758 Thee
979 2725 992 2758 !

578 2789 753 2831 Though
773 2790 864 2831 like
880 2791 904 2831 a
924 2791 1141 2833 wanderer
1144 2792 1157 2832 ,

626 2832 717 2876 The
731 2834 810 2877 sun
826 2835 936 2879 gone
950 2838 1075 2881 down
1077 2840 1089 2881 ,

579 2884 792 2922 Darkness
810 2889 948 2925 comes
965 2892 1071 2927 over
1089 2894 1159 2928 me
1162 2896 1175 2929 ,

628 2933 701 2971 My
719 2934 806 2972 rest
825 2936 848 2972 a
864 2936 987 2975 stone
990 2938 1003 2974 ;

583 2981 662 3021 Yet
680 2981 723 3021 in
744 2981 816 3021 my
837 2981 1003 3021 dreams
1026 2981 1090 3021 I'd
1110 2981 1164 3021 be

580 3027 735 3069 Nearer
741 3028 749 3068 ,
773 3029 846 3069 my
866 3029 957 3069 God
962 3030 970 3070 ,
993 3030 1036 3070 to
1056 3030 1165 3072 Thee
1169 3031 1181 3071 ,

627 3075 784 3109 Nearer
802 3076 846 3108 to
867 3076 979 3109 Thee
983 3077 994 3109 .

579 3139 714 3182 There
728 3143 789 3184 let
806 3146 881 3187 my
901 3149 994 3190 way
1013 3152 1169 3196 appear

624 3192 741 3232 Steps
761 3193 862 3233 unto
882 3193 1040 3233 heaven
1044 3195 1056 3233 ;

578 3236 647 3272 All
663 3237 757 3273 that
777 3238 894 3274 Thou
914 3239 1080 3276 sendest
1095 3241 1167 3277 me

625 3287 678 3330 In
698 3287 841 3330 merey
859 3287 989 3330 given
993 3287 1004 3330 ;

579 3333 735 3370 Angels
754 3336 798 3371 to
818 3336 976 3373 beckon
998 3338 1068 3374 me

577 3379 733 3423 Nearer
739 3381 747 3422 ,
768 3381 843 3424 my
863 3382 953 3425 God
958 3383 966 3424 ,
987 3384 1030 3425 to
1049 3384 1161 3427 Thee
1163 3385 1175 3426 ,

623 3427 781 3462 Nearer
800 3429 843 3462 to
864 3429 970 3464 Thee
974 3430 986 3463 !

583 3497 636 3538 Or
639 3497 647 3538 ,
667 3497 709 3538 if
723 3498 773 3539 on
791 3498 933 3540 joyful
949 3499 1062 3542 wing
1065 3500 1077 3541 ,

626 3544 824 3588 Cleaving
842 3546 917 3589 the
932 3547 1012 3590 sky
1017 3548 1030 3589 ,

577 3594 662 3637 Sun
669 3594 679 3637 ,
701 3594 826 3637 moon
834 3594 843 3637 ,
862 3594 945 3637 and
963 3594 1067 3637 stars
1086 3594 1228 3637 forgot
1232 3594 1243 3637 ,

627 3640 810 3682 Upward
830 3641 850 3681 I
868 3641 925 3681 fly
927 3642 940 3682 ,

577 3685 677 3729 Still
693 3686 751 3729 all
768 3687 840 3729 my
858 3687 963 3731 song
980 3688 1090 3732 shall
1106 3689 1156 3731 be
1161 3689 1171 3731 ,

578 3736 736 3779 Nearer
741 3736 749 3779 ,
771 3736 846 3779 my
864 3736 956 3779 God
962 3736 971 3779 ,
990 3736 1036 3779 to
1054 3736 1166 3779 Thee
1167 3736 1178 3779 ,

624 3783 781 3817 Nearer
798 3784 840 3816 to
862 3784 975 3817 Thee
979 3785 988 3817 .

553 3887 744 3922 WE'RE
765 3887 1078 3922 MARCHING
1100 3887 1169 3922 TO
1187 3887 1317 3922 ZION
1327 3887 1338 3922 .

390 3987 519 4027 Come
538 3988 599 4026 we
618 3989 708 4027 that
726 3989 821 4028 love
840 3990 912 4028 the
932 3990 1039 4030 Lord
1046 3991 1057 4029 ,

436 4035 529 4077 And
549 4035 606 4077 let
624 4036 699 4078 our
711 4036 804 4079 joys
825 4037 874 4079 be
892 4037 1050 4080 known
1054 4039 1067 4080 ,

389 4083 486 4124 Join
504 4083 548 4124 in
570 4083 592 4124 a
609 4083 710 4125 song
730 4084 835 4125 with
853 4084 982 4127 sweet
999 4085 1143 4128 accord
1148 4086 1158 4127 ,

386 4128 485 4173 Join
503 4128 545 4172 in
569 4129 591 4173 a
606 4129 707 4174 song
727 4130 830 4175 with
849 4130 976 4176 sweet
994 4131 1141 4177 accord
1145 4132 1156 4176 ,

435 4177 534 4211 And
554 4177 652 4211 thus
671 4177 875 4213 surround
896 4178 968 4212 the
983 4178 1134 4214 throne
1141 4179 1152 4213 .

432 4226 528 4260 And
546 4226 642 4260 thus
660 4226 867 4260 surround
886 4226 958 4260 the
974 4226 1125 4260 throne
1130 4226 1140 4260 .

387 4291 486 4334 CHO
489 4293 502 4334 .
503 4293 537 4334 -
555 4293 693 4335 We're
711 4294 929 4338 marching
950 4297 994 4338 to
1013 4297 1112 4340 Zion
1120 4299 1131 4340 ,

527 4341 745 4383 Beautiful
749 4343 757 4383 ,
777 4342 987 4384 beautiful
990 4344 998 4384 ,
1020 4344 1122 4384 Zion
1127 4344 1140 4384 ;

527 4385 665 4432 We're
680 4387 899 4434 marching
921 4389 1092 4437 upward
1113 4391 1157 4436 to
1175 4392 1276 4438 Zion
1281 4393 1293 4438 ,

525 4437 614 4478 The
632 4437 843 4479 beautiful
858 4438 942 4479 city
960 4439 1013 4480 of
1026 4439 1118 4480 God
1125 4439 1136 4480 .

1634 871 1737 917 May
1754 871 1884 918 speak
1901 872 2012 919 their
2028 873 2119 920 joys
2139 873 2291 920 abroad
2297 875 2307 920 ,

1634 920 1737 964 May
1754 920 1884 964 speak
1902 920 2012 964 their
2026 920 2118 964 joys
2138 920 2293 964 abroad
2298 920 2309 964 .

1587 995 1676 1037 The
1691 997 1767 1038 hill
1782 998 1830 1040 of
1845 999 1946 1041 Zion
1964 1001 2098 1043 yields

1633 1042 1674 1083 A
1689 1042 1899 1087 thousand
1914 1046 2056 1090 sacred
2074 1049 2223 1093 sweets
2227 1052 2238 1092 ,

1589 1090 1740 1134 Before
1759 1092 1823 1136 we
1839 1093 1961 1136 reach
1980 1094 2051 1138 the
2068 1095 2289 1139 heaven'ly
2309 1097 2427 1141 fields
2432 1099 2442 1141 ,

1588 1136 1740 1182 Before
1757 1139 1820 1183 we
1837 1139 1957 1184 reach
1976 1141 2048 1185 the
2065 1142 2287 1189 heaven'ly
2305 1145 2424 1189 fields
2427 1146 2440 1189 ,

1631 1185 1689 1229 Or
1707 1186 1819 1231 walk
1835 1188 1910 1232 the
1925 1189 2076 1234 golden
2093 1192 2239 1237 streets
2241 1195 2253 1237 ,

1632 1234 1690 1277 Or
1708 1234 1820 1278 walk
1838 1235 1911 1279 the
1923 1236 2073 1280 golden
2086 1237 2236 1281 streets
2238 1239 2249 1281 .

1585 1313 1699 1357 Then
1718 1315 1776 1358 let
1795 1315 1872 1359 our
1888 1316 1990 1360 song
2007 1318 2176 1362 abound
2181 1320 2191 1362 ,

1631 1363 1732 1408 And
1750 1364 1879 1409 every
1897 1366 1985 1410 tear
2004 1367 2053 1410 be
2066 1367 2141 1412 dry
2147 1368 2157 1411 ;

1587 1408 1726 1454 We're
1759 1410 1975 1456 marching
2000 1412 2183 1458 through
2209 1413 2481 1460 Immanuel's
2507 1416 2670 1462 ground
2678 1418 2688 1462 ,

1587 1455 1726 1500 We're
1753 1457 1969 1502 marching
1995 1459 2175 1505 through
2204 1461 2483 1507 Immanuel's
2510 1464 2672 1508 ground
2678 1465 2688 1508 ,

1628 1502 1689 1543 To
1706 1503 1834 1545 fairer
1848 1506 1998 1547 worlds
2015 1509 2068 1549 on
2087 1509 2188 1551 high
2195 1511 2206 1550 .

1629 1551 1691 1590 To
1706 1552 1834 1592 fairer
1851 1554 2002 1594 worlds
2019 1557 2070 1595 on
2091 1558 2189 1596 high
2195 1559 2206 1596 .

1837 1702 1935 1738 LET
1964 1703 2072 1739 THE
2100 1704 2341 1741 SAVIOUR
2367 1707 2426 1742 IN
2432 1708 2442 1742 .

1671 1811 1839 1853 There's
1858 1813 1881 1852 a
1901 1813 2099 1855 Stranger
2117 1816 2161 1856 at
2179 1816 2252 1857 the
2265 1817 2365 1858 door
2369 1819 2379 1858 ;

1761 1859 1835 1890 Let
1856 1859 1946 1891 Him
1968 1860 2013 1890 in
2015 1861 2026 1891 !

1672 1896 1736 1938 He
1752 1898 1828 1939 has
1845 1899 1950 1942 been
1968 1901 2089 1943 there
2104 1903 2167 1944 oft
2184 1904 2328 1947 before
2329 1906 2340 1946 ;

1759 1947 1832 1978 Let
1853 1947 1946 1978 Him
1966 1947 2009 1978 in
2013 1947 2025 1978 !

1670 1982 1747 2023 Let
1767 1985 1861 2026 Him
1878 1988 1922 2027 in
1940 1989 2007 2030 ere
2029 1992 2088 2032 He
2104 1994 2138 2033 is
2155 1995 2261 2037 gone
2265 1998 2276 2036 ;

1670 2032 1747 2072 Let
1768 2034 1860 2073 Him
1879 2035 1923 2075 in
1929 2036 1937 2074 ,
1957 2036 2045 2076 The
2065 2037 2174 2077 Holy
2192 2039 2279 2079 One
2284 2041 2296 2079 ,

1669 2077 1790 2117 Jesus
1809 2079 1948 2120 Christ
1955 2081 1960 2119 ,
1982 2081 2054 2120 the
2075 2082 2264 2123 Father's
2283 2084 2365 2124 Son
2371 2086 2382 2124 ;

1760 2125 1833 2156 Let
1854 2125 1948 2156 Him
1974 2125 2018 2157 in
2024 2126 2036 2157 !

1667 2212 1786 2256 Open
1804 2214 1895 2257 now
1914 2215 1959 2257 to
1979 2216 2074 2259 Him
2094 2217 2199 2261 your
2215 2218 2338 2262 heart
2343 2220 2351 2262 ;

1757 2258 1830 2290 Let
1848 2258 1941 2290 Him
1961 2258 2001 2290 in
2007 2258 2020 2290 !

1667 2302 1712 2344 If
1726 2302 1808 2344 you
1830 2302 1928 2345 wait
1943 2303 2005 2345 He
2025 2303 2105 2345 will
2124 2303 2273 2347 depart
2277 2304 2286 2346 ;

1759 2345 1834 2379 Let
1855 2346 1946 2380 Him
1967 2348 2011 2380 in
2013 2348 2027 2380 !

1667 2386 1744 2430 Let
1765 2388 1856 2431 Him
1877 2390 1919 2433 in
1924 2391 1934 2433 ;
1956 2391 2017 2434 He
2034 2392 2067 2434 is
2086 2393 2191 2437 your
2210 2394 2360 2439 Friend
2366 2397 2376 2439 ;

1671 2433 1767 2475 And
1781 2434 1886 2476 your
1904 2435 1993 2477 soul
2014 2436 2076 2476 He
2095 2436 2176 2478 will
2196 2437 2345 2479 defend
2351 2439 2360 2479 ,

1667 2476 1731 2518 He
1750 2477 1833 2519 will
1850 2478 1955 2520 keep
1973 2480 2057 2522 you
2075 2482 2118 2523 to
2137 2482 2211 2524 the
2228 2483 2308 2525 end
2314 2484 2323 2524 ;

1758 2523 1831 2557 Let
1849 2524 1942 2558 Him
1962 2526 2004 2559 in
2007 2527 2021 2559 !

1668 2612 1777 2655 Hear
1795 2613 1875 2656 you
1896 2614 1987 2657 now
2010 2615 2082 2657 His
2099 2615 2243 2658 loving
2259 2616 2377 2659 voice
2379 2618 2389 2659 ;

1756 2659 1830 2689 Let
1852 2659 1945 2689 Him
1967 2659 2009 2689 in
2011 2659 2025 2689 !

1665 2695 1766 2741 Now
1773 2697 1782 2741 ,
1801 2697 1854 2742 oh
1870 2698 1960 2743 now
1967 2699 1975 2743 ,
1995 2699 2119 2745 make
2139 2701 2236 2747 Him
2253 2702 2360 2748 your
2375 2704 2519 2750 choice
2521 2706 2533 2750 ;

1756 2746 1830 2779 Let
1852 2746 1944 2780 Him
1965 2747 2007 2779 in
2012 2747 2024 2779 !

1666 2786 1729 2829 He
1746 2788 1778 2829 is
1796 2788 1997 2833 standing
2010 2791 2055 2834 at
2071 2792 2146 2834 the
2162 2793 2263 2836 door
2266 2795 2276 2836 ,

1666 2836 1748 2876 Joy
1767 2836 1810 2875 to
1829 2837 1910 2877 you
1933 2837 1994 2876 He
2013 2838 2095 2878 will
2113 2838 2272 2879 restore
2275 2839 2284 2878 ,

1665 2874 1760 2918 And
1781 2876 1853 2919 His
1870 2877 1993 2922 name
2011 2879 2093 2923 you
2114 2880 2196 2924 will
2214 2882 2342 2926 adore
2342 2884 2354 2926 ;

1753 2923 1829 2955 Let
1851 2923 1943 2956 Him
1962 2924 2007 2955 in
2008 2925 2021 2956 !

1662 2996 1763 3039 Now
1784 2998 1918 3041 admit
1934 3000 2008 3042 the
2026 3001 2224 3046 heav'nly
2243 3004 2375 3048 Guest
2376 3006 2388 3047 ;

1754 3048 1828 3079 Let
1849 3048 1942 3080 Him
1963 3049 2004 3079 in
2009 3049 2022 3079 !

1664 3083 1728 3129 He
1746 3084 1831 3130 will
1846 3086 1970 3133 make
1987 3088 2051 3134 for
2069 3090 2151 3135 you
2166 3092 2190 3136 a
2208 3092 2317 3139 feast
2320 3094 2332 3138 ;

1756 3136 1830 3168 Let
1851 3136 1944 3169 Him
1964 3137 2006 3168 in
2013 3137 2024 3168 !

1663 3177 1729 3220 He
1747 3177 1832 3221 will
1847 3178 1976 3221 speak
1995 3179 2099 3223 your
2118 3180 2201 3224 sins
2219 3181 2400 3226 forgin'n
2407 3183 2415 3225 ,

1663 3221 1757 3256 And
1777 3223 1896 3258 when
1916 3224 2032 3260 earth
2040 3226 2051 3259 -
2055 3226 2131 3261 ties
2151 3227 2207 3262 all
2225 3228 2294 3263 are
2313 3229 2420 3264 riv'n
2426 3231 2434 3264 ,

1665 3269 1728 3308 He
1746 3269 1828 3310 will
1848 3269 1947 3310 take
1965 3271 2048 3311 you
2067 3271 2189 3312 home
2206 3272 2251 3311 to
2269 3272 2420 3313 heav'n
2426 3274 2434 3313 .

1753 3314 1825 3345 Let
1848 3314 1941 3345 Him
1961 3314 2004 3345 in
2008 3314 2020 3345 !

1927 3493 2295 3531 CORONATION
2304 3496 2314 3531 .

1622 3594 1692 3636 All
1707 3594 1795 3636 hail
1811 3594 1885 3636 the
1900 3595 2040 3638 power
2060 3595 2108 3637 of
2123 3595 2244 3638 Jesus
2247 3596 2259 3638 '
2277 3596 2405 3639 name
2414 3597 2428 3639 !

1669 3642 1746 3684 Let
1765 3642 1905 3685 angels
1924 3643 2128 3687 prostrate
2144 3645 2222 3688 fall
2226 3646 2238 3687 ;

1621 3688 1750 3735 Bring
1770 3689 1885 3736 forth
1903 3690 1978 3736 the
1994 3690 2112 3737 royal
2128 3691 2297 3738 diadem
2303 3693 2313 3738 ,

1665 3739 1764 3774 And
1783 3739 1924 3774 crown
1945 3739 2048 3774 Him
2073 3739 2183 3774 Lord
2203 3739 2252 3774 of
2265 3739 2323 3774 all
2328 3739 2339 3774 .

1619 3823 1682 3865 Ye
1698 3824 1850 3867 chosen
1867 3827 1963 3869 seed
1982 3829 2031 3871 of
2047 3830 2208 3874 Israel's
2224 3833 2319 3874 race
2319 3834 2330 3874 ,

1667 3877 1729 3914 Ye
1744 3876 1966 3915 ransomed
1987 3878 2100 3917 from
2117 3879 2188 3916 the
2200 3879 2272 3917 fall
2275 3880 2285 3917 ,

1618 3915 1721 3961 Hail
1738 3917 1836 3963 Him
1860 3920 1959 3965 who
1974 3922 2096 3968 saves
2113 3924 2199 3970 you
2217 3926 2271 3971 by
2294 3928 2373 3972 His
2390 3930 2513 3975 grace
2513 3932 2525 3975 ,

1664 3973 1761 4008 And
1780 3973 1919 4008 crown
1941 3973 2043 4008 Him
2068 3973 2178 4008 Lord
2195 3973 2247 4008 of
2261 3973 2317 4008 all
2320 3973 2330 4008 .

1616 4063 1786 4105 Sinners
1791 4064 1799 4104 ,
1821 4064 1964 4106 whose
1980 4065 2079 4107 love
2096 4066 2172 4106 can
2191 4066 2305 4108 ne'er
2324 4067 2466 4109 forget

1663 4110 1751 4152 The
1771 4111 2029 4154 wormwood
2048 4114 2129 4155 and
2147 4115 2221 4156 the
2237 4115 2321 4157 gall
2323 4116 2335 4156 ,

1616 4159 1678 4201 Go
1683 4159 1691 4201 ,
1711 4159 1859 4202 spread
1878 4160 1986 4203 your
2005 4160 2186 4204 trophies
2208 4162 2250 4204 at
2272 4162 2349 4204 His
2368 4162 2452 4205 feet
2457 4163 2466 4205 ,

1663 4207 1760 4241 And
1780 4207 1919 4243 crown
1942 4208 2044 4242 Him
2069 4208 2177 4243 Lord
2196 4209 2246 4243 of
2258 4209 2313 4243 all
2318 4209 2329 4243 .

1613 4295 1694 4341 Let
1708 4296 1839 4342 every
1857 4297 2032 4343 kindred
2041 4299 2048 4343 ,
2069 4299 2196 4345 every
2214 4300 2321 4346 tribe
2325 4301 2335 4345 ,

1660 4344 1724 4383 On
1742 4344 1828 4384 this
1848 4345 2080 4387 terrestrial
2097 4349 2180 4388 ball
2186 4350 2196 4388 ,

1612 4390 1670 4432 To
1691 4392 1798 4434 Him
1817 4394 1871 4435 all
1888 4395 2067 4439 majesty
2086 4398 2241 4442 ascribe
2243 4401 2252 4441 ,

1661 4442 1757 4478 And
1776 4442 1913 4478 crown
1937 4442 2041 4478 Him
2062 4442 2172 4478 Lord
2192 4442 2243 4478 of
2252 4442 2307 4478 all
2312 4442 2323 4478 .

1008 4564 1267 4604 MEETINGS
1301 4566 1469 4605 EVERY
1502 4568 1654 4606 NIGHT
1689 4569 1821 4608 NEXT
1855 4570 2003 4609 WEEK
2037 4572 2096 4609 AT-

387 4635 737 4696 BRANTLY
774 4637 1082 4698 CHURCH
1093 4639 1104 4697 ,
1147 4639 1363 4699 Corner
1402 4640 1718 4701 Schroeder
1758 4642 1960 4702 Street
1997 4644 2114 4703 and
2154 4644 2533 4705 Edmondson
2571 4646 2709 4706 Ave.

857 4747 1096 4783 NOONDAY
1131 4748 1378 4784 MEETINGS
1413 4750 1471 4784 AT
1507 4750 1555 4784 12
1589 4750 1796 4786 O'CLOCK
1831 4751 1998 4787 EVERY
2033 4752 2133 4787 DAY
2168 4753 2227 4787 AT-

541 4829 614 4875 St.
641 4829 809 4876 John's
842 4830 1163 4879 Independent
1192 4832 1446 4880 Methodist
1477 4834 1659 4881 Church
1669 4835 1677 4881 ,
1714 4835 1902 4883 Liberty
1934 4836 2090 4884 Street
2122 4837 2234 4885 near
2268 4838 2525 4886 Lexington
2532 4840 2548 4886 .

493 4923 1054 5012 GOME
1095 4923 1133 5012 !

1967 4928 2531 5025 COME
2574 4928 2614 5025 !
