2438 3458
309 392 426 431 832

377 795 487 835 2²6-2

455 505 498 543 3

455 551 495 585 2

418 646 449 684 1.
472 645 588 685 When
605 647 654 685 all
703 647 767 686 thy
792 648 865 686 mer
869 648 878 686 -
883 648 950 687 cies
953 649 963 687 ,
980 649 1008 687 O

301 1874 416 1914 833

300 1324 324 1362 2
347 1324 375 1362 0
392 1324 471 1362 how
489 1324 553 1362 can
572 1324 684 1362 words
702 1324 789 1362 with
807 1324 913 1362 equal
929 1324 1079 1362 warmth

391 1369 465 1407 The
480 1368 661 1406 gratitude
678 1366 816 1405 declare

347 1412 439 1451 That
454 1410 562 1450 glows
580 1410 706 1450 within
725 1410 784 1449 my
801 1409 966 1449 ravished
986 1408 1089 1447 heart
1094 1409 1111 1447 ?

390 1456 465 1486 But
479 1456 567 1486 thou
584 1456 682 1486 canst
698 1456 779 1486 read
796 1456 826 1486 it
844 1456 943 1486 there
953 1456 964 1486 !

394 1978 433 2010 2

392 2025 431 2058 4

569 1095 580 1099 -

300 1519 324 1559 3
347 1519 420 1560 Ten
436 1519 614 1561 thousand
631 1520 806 1562 thousand
825 1522 984 1564 precious
998 1523 1083 1565 gifts

390 1569 455 1607 My
471 1569 569 1607 daily
586 1569 718 1607 thanks
734 1569 873 1607 employ
887 1569 896 1607 ;

346 1611 421 1645 Nor
434 1611 464 1645 is
481 1611 541 1645 the
556 1611 647 1645 least
663 1611 682 1645 a
699 1611 854 1645 cheerful
872 1611 972 1645 heart
975 1611 983 1645 ,

391 1654 484 1692 That
501 1654 608 1694 tastes
623 1655 722 1694 those
738 1655 821 1694 gifts
838 1656 926 1694 with
938 1656 1001 1695 joy
1004 1657 1014 1695 .

1009 310 1117 343 THE
1153 310 1353 343 CLOSET
1358 310 1367 343 .

975 388 1204 435 GENEVA
1205 388 1215 433 .
1271 388 1312 433 C.
1332 388 1390 433 M.

751 899 842 995 7

453 1080 535 1114 port
617 1077 658 1106 ed
715 1075 802 1108 with
845 1075 907 1108 the
929 1075 1014 1108 view
1020 1075 1027 1108 ,
1073 1075 1139 1108 I'm
1156 1075 1227 1108 lost

851 1115 968 1153 **

300 1722 322 1763 4
346 1722 512 1763 Through
532 1722 636 1763 every
653 1722 773 1763 period
790 1722 828 1763 of
848 1722 909 1763 my
923 1722 990 1763 life

391 1764 470 1805 Thy
485 1765 655 1807 goodness
671 1767 732 1808 I'll
747 1768 878 1810 pursue
890 1770 899 1809 ;

311 2198 377 2236 0
356 2198 387 2236 :
391 2198 434 2236 2

420 2099 450 2129 1.
474 2099 640 2131 Father
642 2101 649 2131 ,
660 2101 696 2131 in
728 2102 742 2132 -
776 2101 813 2136 to
865 2099 930 2135 thy
973 2098 1090 2134 hands
1118 2098 1140 2132 a

663 2371 775 2472 T
800 2390 906 2459 MK

434 2504 496 2541 My
547 2505 595 2542 all
617 2505 682 2543 thy
725 2507 812 2545 prop
823 2508 837 2544 -
849 2509 885 2545 er-

926 2522 935 2525 -

979 2504 1018 2541 ty
1019 2503 1030 2538 ,
1090 2498 1112 2533 I

948 1874 1227 1919 ASHVILLE
1231 1874 1241 1919 .

344 2753 366 2789 2
390 2753 576 2793 Hereafter
589 2756 682 2794 none
696 2758 761 2795 can
777 2759 862 2797 take
877 2761 980 2799 away

434 2801 499 2839 My
514 2801 576 2839 life
581 2801 588 2839 ,
607 2801 645 2839 or
660 2801 765 2840 goods
770 2802 775 2840 ,
797 2802 833 2840 or
851 2802 944 2840 fame
956 2802 966 2840 ;

389 2843 513 2884 Ready
529 2843 568 2884 at
583 2843 649 2884 thy
664 2843 850 2884 command
868 2843 902 2884 to
918 2843 979 2884 lay

433 2888 544 2924 Them
563 2890 668 2925 down
687 2891 703 2925 I
718 2892 852 2928 always
867 2894 923 2929 am
930 2894 940 2928 .

344 2957 367 2995 3
389 2957 576 2995 Confiding
590 2957 629 2995 in
646 2957 711 2995 thy
729 2957 814 2995 only
830 2957 910 2995 love
913 2957 923 2995 ,

435 3002 603 3040 Through
622 3002 709 3040 Him
728 3002 806 3040 who
824 3002 905 3040 died
923 3002 977 3040 for
993 3002 1049 3040 me
1052 3002 1059 3040 ,

1175 2117 1185 2120 -

1311 488 1443 598 H

1399 480 1582 589 HE

1214 647 1273 685 my
1319 647 1394 685 God
1398 647 1404 685 ,
1429 648 1489 686 My
1514 648 1558 686 ris
1564 648 1574 686 -
1577 648 1637 687 ing
1664 649 1744 687 soul
1753 649 1813 688 sur
1816 650 1828 688 -
1832 650 1910 688 veys
1916 650 1922 688 ,
1928 650 2038 690 Trans-

1141 3080 1209 3108 419

1278 1077 1326 1105 In

1411 1085 1487 1105 won
1571 1078 1632 1114 der
1635 1081 1644 1113 ,

1523 1096 1531 1099 -

1221 2098 1308 2129 lone

1815 419 1896 441 JOHN
1915 420 1994 442 COLE
1998 421 2004 441 .

1279 1319 1362 1360 And
1379 1320 1469 1361 after
1485 1321 1589 1362 death
1596 1323 1602 1362 ,
1622 1324 1657 1363 in
1677 1324 1812 1366 distant
1829 1326 1956 1366 worlds
1958 1327 1966 1366 ,

1321 1366 1400 1406 The
1414 1367 1577 1408 pleasing
1588 1370 1711 1410 theme
1725 1371 1840 1412 renew
1845 1373 1852 1411 .

1233 1429 1255 1469 5
1280 1429 1396 1472 When
1412 1431 1542 1473 nature
1555 1433 1637 1474 fails
1640 1434 1647 1474 ,
1667 1434 1739 1476 and
1756 1436 1826 1477 day
1842 1437 1913 1479 and
1930 1438 2036 1481 night

1323 1474 1456 1513 Divide
1470 1478 1537 1515 thy
1553 1480 1671 1519 works
1686 1483 1732 1519 no
1748 1485 1845 1522 more
1844 1487 1853 1522 ,

1279 1523 1344 1562 My
1360 1523 1443 1563 ever
1457 1524 1608 1563 grateful
1625 1525 1724 1565 heart
1728 1527 1734 1565 ,
1758 1527 1786 1565 O
1804 1527 1895 1567 Lord
1898 1528 1905 1566 ,

1324 1568 1403 1604 Thy
1419 1567 1563 1605 mercies
1579 1569 1673 1605 shall
1687 1569 1792 1605 adore
1794 1570 1803 1606 .

1233 1636 1253 1675 6
1280 1636 1446 1675 Through
1463 1636 1512 1675 all
1530 1636 1682 1675 eternity
1700 1636 1735 1675 to
1753 1636 1835 1675 thee

1323 1680 1355 1718 A
1370 1679 1524 1719 grateful
1539 1680 1625 1719 song
1643 1681 1704 1719 I'll
1719 1681 1810 1719 raise
1822 1681 1830 1719 ;

1279 1724 1351 1760 But
1367 1724 1395 1760 O
1408 1724 1418 1760 !
1440 1724 1624 1762 eternity's
1641 1726 1698 1762 too
1714 1726 1814 1763 short

1322 1764 1373 1803 To
1389 1764 1488 1805 utter
1501 1766 1552 1806 all
1567 1767 1635 1807 thy
1650 1768 1767 1809 praise
1767 1770 1777 1808 .

1295 1874 1339 1919 C.
1357 1874 1416 1919 M.

1757 917 1915 1038 AR

1724 1079 1806 1116 love
1809 1080 1816 1115 ,
1842 1080 1910 1117 and
1926 1082 2038 1118 praise
2043 1083 2050 1118 .

1430 1962 1567 2059 E

1409 2095 1429 2126 I
1469 2098 1564 2135 have
1575 2105 1637 2140 my

1194 2511 1272 2538 own
1280 2513 1289 2537 ,
1350 2503 1425 2532 The
1445 2503 1528 2532 stew
1531 2503 1542 2532 -
1547 2503 1607 2532 ard

1749 1811 1855 1844 Joseph
1869 1810 1999 1843 Addison
2003 1811 2013 1842 .

1763 1904 1789 1922 A.
1803 1904 1828 1922 B.
1843 1904 1982 1924 EVERETT
1988 1905 1994 1923 .

1700 2101 1754 2131 all
1806 2113 1843 2131 re
1899 2104 2013 2133 stored
2025 2106 2036 2132 :

1685 2506 1727 2535 of
1772 2506 1834 2535 the
1889 2506 1980 2535 Lord
1985 2506 1993 2535 .

1277 2752 1297 2790 I
1314 2752 1400 2792 wait
1415 2754 1479 2793 thy
1497 2755 1724 2798 faithfulness
1741 2760 1777 2799 to
1794 2760 1901 2801 prove
1901 2763 1909 2801 ,

1322 2804 1406 2841 And
1420 2804 1502 2841 give
1519 2804 1609 2841 back
1624 2804 1673 2841 all
1690 2804 1726 2841 to
1741 2804 1825 2841 thee
1827 2804 1835 2841 .

1231 2865 1255 2904 4
1278 2865 1509 2908 Determined
1525 2868 1575 2909 all
1590 2869 1658 2910 thy
1674 2871 1750 2912 will
1766 2872 1783 2911 t
1782 2873 1794 2912 '
1805 2873 1895 2913 obey
1897 2874 1907 2913 ,

1323 2914 1401 2952 Thy
1420 2914 1591 2953 blessings
1607 2915 1623 2953 I
1641 2915 1771 2955 restore
1782 2916 1791 2954 ;

1278 2951 1370 2996 Give
1372 2953 1379 2996 ,
1400 2953 1494 2998 Lord
1497 2955 1504 2998 ,
1523 2955 1562 3000 or
1577 2956 1663 3000 take
1677 2957 1743 3002 thy
1758 2958 1844 3003 gifts
1860 2960 1961 3006 away
1963 2962 1973 3005 ,

1323 3002 1342 3040 I
1359 3002 1473 3041 praise
1487 3003 1570 3043 thee
1587 3004 1765 3045 evermore
1768 3007 1774 3045 .

1753 3042 1878 3078 Charles
1893 3045 2005 3081 Wesley
2004 3048 2015 3080 .
