2563 3558
939 341 1246 370 PENITENTIAL
1278 341 1521 370 EXERCISES
1527 341 1535 370 .

363 436 622 485 circumstances
645 438 734 485 must
759 439 844 486 have
867 439 948 487 been
972 439 1134 488 powerful
1140 441 1148 488 .
1188 441 1277 488 John
1315 442 1446 490 325

365 487 519 520 Wesley's
544 486 670 519 sermon
697 487 734 518 on
762 486 816 517 the
860 485 972 517 Means
997 485 1031 516 of
1060 483 1163 516 Grace
1172 484 1183 515 '
1182 484 1207 515 -
1216 484 1257 515 ex-

364 531 518 567 haustive
539 531 606 567 and
627 531 788 567 practical
790 531 816 567 -
825 531 892 567 was
912 531 1074 567 preached
1095 531 1194 567 about
1211 531 1278 567 this

365 577 444 601 time
450 577 457 601 .
460 577 475 601 "

364 761 500 810 324

765 769 806 801 L.
829 767 880 800 M.

356 825 435 911 A

444 819 650 866 BROKEN
668 820 772 867 heart
776 822 782 867 ,
800 822 862 867 my
877 822 956 868 God
961 823 967 868 ,
984 823 1049 868 my
1067 823 1172 870 King
1171 824 1181 869 ,

450 879 500 916 To
516 879 603 916 thee
620 879 640 916 a
656 879 817 918 sacrifice
834 880 851 917 I
870 880 978 918 bring
988 881 997 918 ;

408 931 488 974 The
505 931 587 974 God
602 931 648 974 of
661 931 768 974 grace
784 931 861 974 will
878 931 975 974 ne'er
993 931 1138 974 despise

408 989 442 1023 A
458 989 602 1023 broken
619 989 725 1023 heart
742 989 795 1023 for
813 989 973 1023 sacrifice
975 989 983 1023 .

362 1078 385 1121 2
409 1077 474 1120 My
487 1077 569 1120 soul
584 1076 650 1120 lies
668 1075 849 1120 humbled
866 1076 904 1119 in
924 1075 990 1118 the
1005 1075 1090 1118 dust
1092 1075 1101 1118 ,

408 1132 496 1174 And
513 1132 617 1174 owns
633 1132 704 1174 thy
721 1132 891 1174 dreadful
907 1132 1081 1174 sentence
1093 1132 1171 1174 just
1180 1132 1190 1174 :

410 1187 512 1230 Look
529 1187 641 1230 down
645 1187 652 1230 ,
669 1187 698 1230 O
717 1187 812 1230 Lord
817 1187 823 1230 ,
841 1187 931 1230 with
950 1187 1097 1230 pitying
1112 1187 1181 1230 eye
1182 1187 1191 1230 ,

408 1244 493 1280 And
506 1243 593 1279 save
608 1242 673 1278 the
690 1242 769 1278 soul
786 1240 1019 1277 condemned
1038 1240 1073 1274 to
1092 1239 1151 1274 die
1154 1239 1161 1273 .

363 1325 386 1368 3
408 1325 514 1369 Then
533 1325 612 1370 will
624 1327 644 1370 I
661 1327 765 1371 teach
784 1328 849 1372 the
867 1328 981 1373 world
997 1330 1066 1374 thy
1085 1330 1184 1375 ways
1195 1332 1205 1375 ;

408 1381 561 1423 Sinners
576 1383 677 1424 shall
690 1383 791 1425 learn
810 1385 878 1426 thy
893 1385 1084 1428 sovereign
1102 1387 1207 1429 grace
1216 1389 1225 1429 ;

411 1439 472 1482 I'll
483 1439 567 1482 lead
583 1439 687 1482 them
705 1439 743 1482 to
760 1439 823 1482 my
843 1439 1020 1482 Saviour's
1039 1439 1149 1482 blood
1151 1439 1161 1482 ,

410 1495 498 1539 And
514 1495 604 1539 they
621 1495 718 1539 shall
734 1495 854 1539 praise
869 1495 890 1539 a
908 1495 1103 1539 pard'ning
1120 1495 1202 1539 God
1204 1495 1212 1539 .

403 1867 479 1900 This
497 1867 525 1899 is
546 1867 564 1899 a
584 1865 711 1899 portion
733 1866 768 1898 of
789 1865 866 1898 part
886 1865 975 1897 three
997 1865 1029 1897 of
1057 1864 1110 1896 the
1137 1863 1284 1897 author's

369 1909 521 1943 metrical
544 1909 671 1943 version
698 1909 732 1943 of
761 1909 815 1943 the
845 1909 916 1943 fifty
930 1909 941 1943 -
953 1909 1024 1943 first
1047 1909 1153 1943 Psalm
1160 1909 1167 1943 ,
1185 1909 1285 1943 being

368 1954 470 1987 based
483 1954 572 1987 more
585 1954 812 1987 immediately
826 1954 867 1987 on
882 1954 937 1987 the
950 1954 1161 1987 seventeenth
1177 1954 1270 1987 verse
1275 1954 1286 1987 :

403 1996 469 2028 The
498 1996 661 2028 sacrifices
694 1996 729 2028 of
759 1996 827 2028 God
859 1996 915 2028 are
941 1996 958 2028 a
983 1996 1105 2028 broken
1128 1996 1225 2028 spirit
1233 1996 1240 2028 ;
1267 1996 1286 2028 a

370 2042 493 2072 broken
509 2042 574 2072 and
590 2042 609 2072 a
627 2042 767 2072 contrite
787 2042 881 2072 heart
886 2042 891 2072 ,
906 2042 931 2072 O
951 2042 1018 2072 God
1023 2042 1029 2072 ,
1045 2042 1122 2072 thou
1138 2042 1212 2072 wilt
1229 2042 1287 2072 not

371 2086 498 2121 despise
502 2087 511 2120 .
513 2087 529 2120 "
569 2086 637 2119 The
657 2084 801 2119 author's
822 2084 894 2117 title
914 2084 940 2117 is
946 2084 952 2117 ,
974 2083 992 2116 "
1002 2083 1067 2116 The
1093 2081 1285 2116 Backslider

372 2132 528 2167 Restored
533 2132 544 2165 ;
561 2132 597 2165 or
602 2132 610 2165 ,
627 2129 835 2165 Repentance
851 2130 920 2163 and
940 2128 1037 2163 Faith
1058 2128 1091 2162 in
1112 2128 1165 2161 the
1183 2126 1284 2161 Blood

369 2178 409 2207 of
435 2176 546 2206 Christ
548 2176 561 2203 .
558 2175 577 2202 "
628 2175 693 2203 The
718 2175 789 2202 first
818 2175 892 2202 four
923 2174 1031 2201 verses
1064 2174 1119 2201 are
1149 2172 1286 2200 omitted

371 2221 476 2249 above
480 2223 491 2248 :

472 2287 530 2318 10
546 2287 635 2318 Thou
640 2287 646 2318 ,
663 2287 735 2318 who
749 2287 872 2318 hear'st
886 2287 981 2318 when
996 2287 1123 2318 sinners
1136 2287 1193 2318 cry
1197 2287 1205 2318 ,

507 2331 641 2365 Though
656 2331 700 2363 all
712 2331 767 2363 my
781 2329 900 2363 crimes
914 2328 1022 2362 before
1036 2327 1108 2360 thee
1122 2327 1166 2360 lie
1168 2327 1176 2359 ,

507 2371 628 2404 Behold
643 2372 730 2405 them
745 2374 801 2405 not
816 2374 896 2407 with
912 2375 1016 2407 angry
1029 2376 1102 2409 look
1107 2377 1114 2408 ,

507 2421 574 2452 But
586 2421 654 2452 blot
666 2421 752 2452 their
767 2421 904 2452 mem'ry
918 2421 998 2452 from
1016 2421 1074 2452 thy
1088 2421 1168 2452 book
1174 2421 1183 2452 .

471 2500 489 2532 2
508 2500 626 2532 Create
639 2500 695 2532 my
707 2500 829 2532 nature
842 2500 923 2532 pure
938 2500 1054 2532 within
1058 2500 1066 2532 ,

509 2544 586 2576 And
595 2544 677 2576 form
693 2544 747 2576 my
761 2544 831 2576 soul
846 2544 961 2576 averse
975 2544 1056 2576 from
1073 2544 1123 2576 sin
1132 2544 1142 2576 :

508 2589 568 2620 Let
581 2589 638 2620 thy
652 2589 735 2620 good
746 2589 848 2620 Spirit
862 2589 952 2620 ne'er
965 2589 1083 2620 depart
1086 2589 1093 2620 ,

509 2633 575 2665 Nor
587 2633 663 2665 hide
673 2633 731 2665 thy
745 2633 900 2665 presence
913 2633 995 2665 from
1012 2633 1066 2665 my
1078 2633 1174 2665 heart
1177 2633 1184 2665 .

472 2709 489 2739 3
508 2709 522 2739 I
536 2708 657 2740 cannot
664 2710 731 2740 live
747 2710 888 2742 without
898 2711 957 2741 thy
966 2712 1056 2743 light
1057 2712 1066 2742 ,

509 2753 588 2785 Cast
600 2753 658 2785 out
670 2753 736 2785 and
748 2753 906 2785 banished
921 2753 1002 2785 from
1018 2753 1075 2785 thy
1091 2753 1180 2785 sight
1185 2753 1195 2785 !

508 2797 579 2831 Thy
594 2797 669 2831 holy
678 2797 752 2831 joys
757 2797 763 2831 ,
780 2797 831 2831 my
848 2797 916 2831 God
920 2797 926 2831 ,
943 2797 1067 2831 restore
1070 2797 1078 2831 ,

509 2844 587 2875 And
598 2844 707 2875 guard
718 2844 770 2875 me
784 2844 856 2875 that
871 2844 884 2875 I
899 2844 960 2875 fall
972 2844 1015 2875 no
1028 2844 1117 2875 more
1119 2844 1128 2875 .

473 2920 491 2955 4
510 2920 646 2955 Though
660 2920 674 2955 I
689 2920 773 2955 have
786 2920 921 2955 grieved
936 2920 993 2955 thy
1008 2920 1110 2955 Spirit
1114 2920 1119 2955 ,
1134 2920 1220 2955 Lord
1223 2920 1230 2955 ,

510 2966 579 2998 Thy
593 2966 669 2997 help
683 2966 749 2997 and
762 2964 900 2997 comfort
912 2965 979 2996 still
991 2964 1094 2996 afford
1101 2964 1110 2995 ;

511 3010 588 3040 And
600 3010 647 3040 let
661 3010 679 3040 a
692 3010 816 3040 wretch
830 3010 919 3040 come
934 3010 1016 3040 near
1028 3010 1087 3040 thy
1101 3010 1218 3040 throne
1221 3010 1230 3040 ,

511 3054 556 3086 To
566 3054 665 3086 plead
678 3054 732 3086 the
746 3054 860 3086 merits
872 3054 905 3086 of
923 3054 981 3086 thy
996 3054 1058 3086 Son
1063 3054 1072 3086 .

412 3110 425 3141 (
425 3110 484 3141 See
498 3110 561 3141 Nos
568 3110 574 3141 .
588 3110 638 3141 310
641 3110 648 3141 ,
664 3110 730 3141 and
742 3110 801 3141 325.
806 3110 817 3141 )

362 1587 385 1629 4
411 1586 439 1628 0
458 1585 544 1628 may
560 1585 631 1627 thy
647 1583 732 1627 love
748 1583 888 1627 inspire
904 1583 969 1625 my
981 1581 1118 1625 tongue
1131 1582 1142 1624 !

410 1632 599 1676 Salvation
615 1635 713 1677 shall
729 1637 775 1679 be
791 1638 841 1680 all
857 1639 921 1680 my
937 1640 1030 1682 song
1037 1642 1049 1682 ;

411 1696 498 1738 And
513 1696 566 1737 all
580 1695 644 1736 my
662 1694 803 1736 powers
821 1693 916 1734 shall
932 1692 1011 1733 join
1028 1692 1067 1732 to
1083 1690 1179 1732 bless

410 1746 489 1794 The
507 1745 606 1793 Lord
607 1745 615 1791 ,
631 1744 695 1791 my
711 1742 878 1791 strength
896 1741 971 1789 and
989 1738 1261 1788 righteousness
1266 1739 1273 1785 .
1319 1738 1337 1784 6
1365 1737 1491 1784 While
1507 1735 1601 1783 guilt
1617 1733 1779 1782 disturbs
1795 1732 1872 1780 and
1889 1731 2022 1779 breaks
2040 1729 2107 1777 my
2117 1729 2229 1776 peace
2232 1729 2242 1775 ,

990 1804 1088 1829 Isaac
1107 1804 1203 1829 Watts
1210 1804 1217 1829 .

1366 1787 1444 1826 Nor
1460 1788 1552 1827 flesh
1571 1789 1640 1828 nor
1655 1790 1736 1829 soul
1753 1791 1844 1830 hath
1864 1792 1938 1831 rest
1954 1793 1995 1830 or
2011 1793 2096 1832 ease
2098 1794 2107 1831 ,

1368 1845 1463 1888 Lord
1467 1845 1474 1888 ,
1489 1845 1541 1888 let
1559 1845 1619 1888 me
1631 1846 1722 1889 hear
1738 1846 1806 1889 thy
1824 1846 2020 1891 pard'ning
2037 1847 2142 1890 voice
2144 1847 2152 1890 ,

1364 1901 1454 1944 And
1470 1901 1583 1944 make
1597 1901 1663 1944 my
1678 1901 1822 1944 broken
1843 1901 1949 1944 heart
1965 1901 2097 1944 rejoice
2098 1901 2108 1944 .

1718 451 1759 480 L.
1781 451 1831 480 M.

1313 508 1475 582 LORD
1468 509 1482 579 ,
1494 508 1557 579 we
1567 506 1632 578 are
1645 505 1723 576 vile
1722 505 1733 575 ,
1741 501 1943 575 conceived
1960 500 1999 571 in
2017 499 2075 571 sin
2076 499 2088 569 ,

1392 558 1480 599 And
1496 558 1589 599 born
1606 558 1750 601 unholy
1769 559 1843 600 and
1861 559 2017 602 unclean
2031 560 2041 601 ;

1360 616 1506 660 Sprung
1520 617 1611 659 from
1631 616 1697 658 the
1714 616 1803 658 man
1822 614 1948 658 whose
1964 615 2084 657 guilty
2101 614 2165 656 fall

1361 670 1533 715 Corrupts
1551 669 1610 713 his
1627 669 1709 712 race
1712 669 1719 711 ,
1735 667 1809 711 and
1827 667 1939 711 taints
1955 667 2000 709 us
2015 666 2067 708 all
2069 666 2079 708 .

1315 756 1338 796 2
1360 756 1456 796 Soon
1474 756 1512 796 as
1531 756 1586 796 we
1603 756 1702 796 draw
1721 756 1788 796 our
1804 756 1928 796 infant
1943 756 2075 796 breath
2080 756 2087 796 ,

1361 810 1440 852 The
1456 810 1560 853 seeds
1575 811 1618 852 of
1636 811 1694 853 sin
1710 812 1809 854 grow
1827 813 1877 854 up
1894 813 1951 854 for
1968 813 2079 856 death
2095 814 2102 855 ;

1360 865 1443 909 Thy
1459 865 1530 909 law
1548 865 1729 911 demands
1747 866 1768 910 a
1785 866 1923 912 perfect
1941 867 2048 911 heart
2050 867 2058 911 ,

1360 916 1435 958 But
1447 917 1553 960 we're
1570 920 1704 962 defiled
1723 922 1762 963 in
1780 923 1893 965 every
1906 925 1989 966 part
1990 926 2000 966 .

2150 333 2231 372 135

1316 996 1336 1039 3
1361 995 1505 1040 Behold
1513 997 1522 1040 !
1534 997 1552 1040 I
1569 997 1633 1041 fall
1650 998 1774 1042 before
1791 999 1858 1042 thy
1876 1000 1956 1044 face
1964 1000 1976 1043 ;

1361 1054 1428 1097 My
1445 1054 1534 1098 only
1550 1055 1675 1099 refuge
1689 1056 1720 1098 is
1737 1057 1807 1100 thy
1823 1057 1928 1101 grace
1939 1058 1948 1100 :

1362 1109 1416 1145 No
1435 1108 1603 1146 outward
1620 1109 1732 1146 forms
1751 1110 1818 1146 can
1836 1110 1948 1147 make
1965 1111 2024 1147 me
2042 1111 2147 1147 clean
2158 1111 2167 1147 ;

1362 1165 1440 1207 The
1454 1164 1601 1206 leprosy
1618 1164 1684 1205 lies
1703 1163 1795 1205 deep
1810 1162 1943 1205 within
1948 1163 1955 1204 .

1315 1240 1338 1281 4
1363 1240 1417 1281 No
1436 1240 1610 1282 bleeding
1626 1241 1708 1282 bird
1714 1241 1720 1282 ,
1739 1241 1805 1282 nor
1822 1241 1996 1284 bleeding
2012 1242 2116 1284 beast
2119 1243 2127 1284 ,

1363 1297 1438 1340 Nor
1454 1297 1595 1340 hyssop
1610 1297 1749 1340 branch
1756 1297 1762 1340 ,
1781 1297 1848 1340 nor
1865 1297 2075 1340 sprinkling
2092 1297 2207 1340 priest
2208 1297 2217 1340 ,

1362 1346 1441 1387 Nor
1455 1347 1620 1388 running
1636 1348 1751 1389 brook
1758 1350 1765 1389 ,
1782 1350 1849 1391 nor
1868 1351 1963 1391 flood
1970 1352 1977 1391 ,
1995 1352 2062 1392 nor
2079 1353 2139 1393 sea
2142 1353 2149 1392 ,

1362 1401 1440 1444 Can
1458 1402 1560 1445 wash
1575 1403 1642 1446 the
1658 1404 1793 1447 dismal
1809 1406 1904 1449 stain
1922 1407 2028 1450 away
2031 1409 2041 1450 .

1316 1498 1340 1542 5
1361 1496 1470 1541 Jesus
1473 1495 1481 1539 ,
1497 1494 1562 1540 my
1581 1493 1661 1538 God
1667 1493 1674 1537 ,
1690 1491 1759 1537 thy
1777 1490 1888 1536 blood
1904 1489 2016 1534 alone

1365 1551 1469 1592 Hath
1486 1551 1614 1592 power
1629 1551 1814 1592 sufficient
1832 1551 1867 1592 to
1886 1551 1997 1592 atone
2007 1551 2016 1592 ;

1364 1606 1448 1648 Thy
1465 1606 1576 1648 blood
1593 1606 1663 1648 can
1679 1606 1792 1648 make
1808 1606 1869 1648 me
1880 1606 1997 1648 white
2011 1606 2050 1648 as
2067 1606 2171 1648 snow
2185 1606 2196 1648 :

1366 1656 1423 1700 No
1440 1656 1582 1701 Jewish
1598 1657 1704 1703 types
1723 1658 1830 1703 could
1849 1658 1997 1704 cleanse
2011 1660 2073 1704 me
2088 1660 2130 1705 so
2131 1661 2142 1705 .

1974 1963 2073 1990 Isaac
2091 1965 2193 1991 Watts
2197 1966 2207 1991 .

1354 2017 1375 2052 "
1381 2017 1536 2052 Original
1550 2017 1620 2052 and
1634 2017 1758 2052 Actual
1774 2017 1834 2052 Sin
1852 2017 2025 2052 Confessed
2036 2017 2051 2052 "
2070 2017 2099 2052 is
2112 2017 2169 2052 the
2181 2017 2222 2052 au-

1323 2063 1424 2095 thor's
1439 2063 1512 2095 title
1525 2063 1559 2095 of
1578 2063 1643 2095 this
1657 2063 1757 2095 hymn
1772 2063 1804 2095 in
1820 2063 1870 2095 his
1890 2063 2042 2095 metrical
2061 2063 2190 2095 version
2210 2063 2246 2095 of

1323 2106 1379 2138 the
1399 2106 1528 2138 Psalms
1547 2106 1583 2138 of
1600 2106 1711 2138 David
1716 2106 1722 2138 ,
1738 2106 1813 2138 1719.
1851 2106 1882 2138 It
1902 2106 1929 2138 is
1948 2106 2047 2138 based
2070 2106 2109 2138 on
2132 2106 2174 2138 Ps
2179 2106 2187 2138 .
2205 2106 2232 2138 li
2235 2106 2244 2138 .

1324 2155 1375 2178 5-8
1379 2155 1388 2178 :
1420 2151 1440 2183 "
1454 2151 1577 2183 Behold
1581 2151 1587 2183 ,
1609 2151 1623 2183 I
1644 2151 1711 2183 was
1737 2151 1859 2183 shapen
1880 2151 1914 2183 in
1935 2151 2080 2183 iniquity
2090 2151 2097 2183 ;
2119 2151 2184 2183 and
2209 2151 2243 2183 in

1326 2196 1374 2227 sin
1389 2196 1447 2227 did
1461 2196 1514 2227 my
1528 2196 1656 2227 mother
1669 2196 1822 2227 conceive
1837 2196 1885 2227 me
1892 2196 1898 2227 .
1938 2196 2061 2227 Behold
2066 2196 2073 2227 ,
2088 2196 2166 2227 thou
2186 2196 2226 2227 de-

1326 2239 1423 2271 sirest
1437 2239 1529 2271 truth
1541 2239 1573 2271 in
1589 2239 1643 2271 the
1658 2239 1787 2271 inward
1802 2239 1894 2271 parts
1903 2239 1910 2271 :
1930 2239 1994 2271 and
2010 2239 2042 2271 in
2058 2239 2113 2271 the
2122 2239 2243 2271 hidden

1326 2286 1402 2318 part
1416 2286 1494 2318 thou
1510 2286 1596 2318 shalt
1612 2286 1708 2318 make
1719 2286 1769 2318 me
1788 2286 1822 2318 to
1835 2286 1932 2318 know
1950 2286 2084 2318 wisdom
2093 2286 2101 2318 .
2138 2286 2247 2318 Purge

1327 2328 1377 2362 me
1391 2328 1472 2362 with
1494 2328 1612 2362 hyssop
1618 2328 1624 2362 ,
1647 2328 1712 2362 and
1736 2328 1748 2362 I
1770 2328 1854 2362 shall
1879 2328 1917 2362 be
1943 2328 2034 2362 clean
2043 2328 2050 2362 :
2072 2328 2164 2362 wash
2183 2328 2235 2362 me
2238 2328 2246 2362 ,

1328 2374 1392 2400 and
1407 2374 1420 2400 I
1436 2374 1520 2400 shall
1533 2374 1570 2400 be
1588 2374 1704 2400 whiter
1719 2374 1797 2400 than
1814 2374 1900 2400 snow
1909 2374 1916 2400 .
1953 2374 2049 2400 Make
2065 2374 2114 2400 me
2127 2374 2158 2400 to
2168 2374 2248 2400 hear

1324 2418 1378 2452 joy
1394 2418 1458 2451 and
1477 2416 1629 2451 gladness
1639 2417 1645 2450 ;
1668 2416 1738 2450 that
1759 2416 1814 2449 the
1833 2414 1930 2449 bones
1947 2414 2054 2448 which
2073 2414 2153 2447 thou
2173 2414 2248 2447 hast

1329 2462 1451 2494 broken
1465 2462 1540 2494 may
1551 2462 1670 2495 rejoice
1673 2463 1680 2495 .
1686 2463 1700 2495 "

1327 2554 1366 2580 of
1374 2548 1399 2572 "

1362 2508 1401 2532 In
1416 2508 1469 2532 the
1483 2508 1554 2532 first
1564 2508 1629 2532 line
1645 2508 1699 2532 the
1714 2508 1832 2532 author
1845 2508 1947 2532 wrote
1961 2508 1978 2532 "
1992 2508 2006 2532 I
2022 2508 2073 2532 am
2084 2508 2100 2532 "
2119 2508 2249 2532 instead

1410 2551 1458 2580 we
1473 2551 1529 2579 are
1533 2551 1541 2579 ,
1543 2551 1557 2579 "
1578 2550 1642 2579 and
1658 2550 1688 2578 in
1706 2550 1760 2578 the
1778 2549 1842 2578 last
1862 2549 1928 2577 line
1943 2549 1959 2577 "
1972 2547 2071 2577 bones
2084 2548 2099 2576 "
2117 2546 2250 2576 instead

1329 2594 1366 2629 of
1379 2594 1401 2629 "
1413 2594 1510 2629 heart
1513 2594 1522 2629 .
1524 2594 1540 2629 "
1581 2594 1648 2629 The
1673 2594 1762 2629 third
1787 2594 1901 2629 stanza
1923 2594 1957 2629 of
1987 2594 2042 2629 the
2061 2594 2205 2629 original
2224 2594 2251 2629 is

1331 2641 1468 2669 omitted
1482 2640 1583 2668 above
1590 2641 1600 2667 :

1463 2694 1479 2724 3
1498 2693 1599 2725 Great
1613 2695 1682 2726 God
1686 2695 1691 2725 ,
1707 2695 1817 2727 create
1829 2697 1881 2727 my
1895 2697 1991 2728 heart
2005 2698 2096 2729 anew
2103 2699 2112 2729 ,

1498 2736 1574 2771 And
1586 2736 1668 2772 form
1684 2737 1738 2771 my
1751 2737 1847 2773 spirit
1860 2738 1943 2774 pure
1958 2739 2023 2773 and
2036 2739 2112 2775 true
2118 2740 2127 2774 ;

1500 2782 1574 2813 And
1588 2782 1683 2814 make
1698 2783 1748 2813 me
1765 2783 1843 2815 wise
1857 2784 1995 2816 betimes
2008 2785 2042 2815 to
2054 2786 2115 2816 spy

1497 2826 1555 2862 My
1566 2825 1691 2862 danger
1709 2825 1772 2861 and
1785 2825 1837 2860 my
1853 2823 1986 2860 remedy
1995 2824 2004 2859 !

1366 2885 1443 2915 This
1457 2885 1484 2915 is
1498 2885 1574 2915 part
1589 2885 1654 2915 two
1668 2885 1701 2915 of
1720 2885 1773 2915 the
1796 2885 1940 2915 author's
1958 2885 2111 2915 metrical
2126 2885 2255 2915 version

1332 2929 1368 2964 of
1384 2929 1440 2964 the
1458 2929 1530 2964 fifty
1536 2929 1547 2964 -
1551 2929 1621 2964 first
1645 2929 1754 2964 Psalm
1765 2929 1770 2964 :
1792 2929 1810 2964 "
1822 2929 1914 2964 Show
1939 2929 2009 2964 pity
2016 2929 2021 2964 ,
2046 2929 2132 2964 Lord
2143 2929 2162 2964 "
2182 2929 2194 2964 (
2198 2929 2259 2964 No.

1333 2974 1382 3007 312
1383 2974 1393 3007 )
1407 2974 1506 3007 being
1521 2974 1596 3007 part
1610 2974 1671 3007 one
1674 2974 1680 3007 ,
1698 2974 1764 3007 and
1776 2974 1794 3007 "
1804 2974 1830 3007 A
1845 2974 1968 3007 broken
1985 2974 2082 3007 heart
2083 2974 2090 3007 ,
2107 2974 2161 3007 my
2178 2974 2249 3007 God
2250 2974 2258 3007 ,

1335 3019 1388 3051 my
1403 3019 1490 3051 King
1501 3019 1519 3051 "
1537 3019 1549 3051 (
1549 3019 1608 3051 No.
1624 3019 1672 3051 324
1675 3019 1684 3051 )
1700 3019 1798 3051 being
1814 3019 1832 3051 a
1853 3019 1981 3051 portion
2003 3019 2037 3051 of
2056 3019 2135 3051 part
2154 3019 2249 3051 three
2252 3019 2260 3051 .

1368 3063 1417 3089 On
1427 3063 1536 3089 verses
1551 3063 1641 3089 three
1658 3063 1721 3089 and
1737 3063 1809 3089 four
1825 3063 1878 3089 the
1895 3063 2012 3089 author
2026 3063 2082 3089 has
2096 3063 2162 3089 this
2173 3063 2241 3089 foot-

1335 3108 1411 3139 note
1417 3108 1428 3139 :
1453 3108 1476 3139 "
1487 3108 1582 3139 Since
1607 3108 1661 3139 the
1686 3108 1838 3139 psalmist
1864 3108 1965 3139 seems
1993 3108 2024 3139 to
2044 3108 2132 3139 refer
2149 3108 2182 3139 to
2202 3108 2259 3139 the
