3223 2417
1346 293 1666 382 Responsive
1698 284 1915 369 Service
1915 285 1931 361 .

570 444 614 479 R.
664 443 719 477 He
733 443 760 477 is
775 442 836 477 not
852 441 932 476 here
943 441 950 474 :
973 439 1024 474 for
1041 439 1084 473 he
1099 439 1124 472 is
1141 437 1230 472 risen
1238 438 1245 471 ,
1264 437 1297 470 as
1316 436 1356 470 he
1372 435 1445 469 said
1453 435 1458 468 .
1500 433 1605 468 Come
1608 433 1616 466 ,

524 492 580 534 see
597 491 658 533 the
675 490 776 532 place
794 487 910 530 where
926 486 987 528 the
1007 485 1100 526 Lord
1114 483 1173 525 lay
1177 484 1187 524 .

568 553 714 597 Singing
795 553 871 595 The
890 551 995 595 Stone
1014 552 1041 594 is
1060 550 1187 594 Rolled
1208 549 1315 593 Away
1319 550 1327 592 ,
1335 550 1351 592 "
1373 550 1393 592 p
1401 549 1407 591 .
1432 549 1473 591 13
1473 549 1483 591 .

760 560 784 573 66

866 664 963 697 THE
994 661 1260 696 ASCENSION
1269 661 1278 692 .

929 734 1004 766 Acts
1008 734 1015 766 ,
1036 734 1050 766 c
1055 734 1063 766 .
1081 734 1097 766 i
1096 734 1103 766 .
1111 735 1120 767 ,
1138 735 1158 767 v
1163 735 1170 767 .
1190 735 1212 767 3
1215 735 1223 767 .

573 802 616 846 L.
662 801 712 844 To
728 800 842 844 whom
859 798 930 842 also
945 799 964 841 [
963 798 977 840 i
977 798 986 840 .
998 798 1013 840 e
1014 798 1024 840 .
1030 798 1039 840 ,
1056 796 1109 840 his
1123 794 1275 839 apostles
1279 794 1295 836 ]
1309 792 1365 836 He
1378 791 1522 835 showed
1535 790 1607 833 him-

527 839 597 888 self
609 839 698 888 alive
714 839 804 888 after
821 839 875 888 his
890 839 1028 888 passion
1049 839 1094 888 by
1112 839 1217 888 many
1231 839 1405 888 infallible
1421 839 1538 888 proofs
1544 839 1551 888 ,
1567 839 1611 888 be-

526 884 590 941 ing
606 884 688 941 seen
704 884 747 941 of
758 884 854 941 them
872 884 964 941 forty
982 884 1067 941 days
1073 884 1079 941 ,
1101 884 1170 941 and
1187 884 1360 941 speaking
1376 884 1413 941 of
1427 884 1485 941 the
1504 884 1623 941 things

527 935 728 981 pertaining
744 934 782 976 to
798 933 860 976 the
876 929 1045 974 kingdom
1063 928 1103 970 of
1116 927 1196 970 God
1200 927 1214 968 .

824 1010 917 1044 Luke
917 1010 926 1044 ,
947 1010 962 1044 c
967 1010 976 1044 .
993 1010 1075 1044 xxiv
1078 1010 1087 1044 .
1092 1010 1101 1044 ,
1120 1010 1140 1044 v
1144 1010 1151 1044 .
1172 1010 1215 1044 50
1230 1010 1260 1044 to
1278 1010 1321 1044 52
1322 1010 1331 1044 .

574 1086 618 1112 R.
667 1079 749 1119 And
772 1079 816 1117 he
835 1078 893 1117 led
915 1077 1008 1116 them
1034 1076 1095 1115 out
1115 1076 1150 1114 as
1173 1075 1222 1114 far
1245 1075 1278 1113 as
1303 1074 1337 1112 to
1360 1071 1520 1112 Bethany
1523 1072 1532 1110 ,
1553 1071 1624 1110 and

528 1125 572 1164 he
587 1124 690 1163 lifted
709 1123 755 1161 up
773 1122 827 1161 his
846 1120 960 1159 hands
964 1120 971 1157 ,
993 1119 1063 1157 and
1081 1117 1215 1156 blessed
1235 1115 1329 1154 them
1336 1115 1345 1152 .

576 1175 616 1202 L.

665 1169 749 1217 And
768 1168 799 1214 it
816 1166 914 1213 came
932 1164 970 1210 to
990 1162 1069 1210 pass
1075 1162 1081 1207 ,
1103 1159 1206 1207 while
1227 1158 1272 1204 he
1291 1154 1426 1203 blessed
1449 1151 1544 1199 them
1549 1151 1556 1196 ,
1580 1150 1625 1196 he

528 1219 598 1260 was
613 1216 740 1258 parted
756 1213 843 1256 from
863 1211 958 1254 them
964 1212 971 1252 ,
993 1210 1064 1251 and
1081 1207 1213 1250 carried
1232 1206 1278 1247 up
1297 1205 1372 1246 into
1390 1202 1526 1245 heaven
1529 1202 1541 1242 .

574 1259 622 1301 R.
666 1258 749 1299 And
773 1256 860 1298 they
874 1253 1099 1297 worshipped
1124 1251 1198 1293 him
1204 1252 1211 1292 ,
1233 1250 1302 1291 and
1327 1247 1495 1290 returned
1516 1246 1554 1287 to
1568 1245 1613 1286 Je-

530 1300 680 1339 rusalem
700 1301 786 1340 with
803 1302 901 1341 great
913 1304 976 1342 joy
980 1304 989 1341 .

933 1381 1008 1414 Acts
1009 1381 1016 1414 ,
1037 1381 1052 1414 c
1058 1381 1066 1414 .
1084 1381 1101 1414 i
1099 1381 1108 1414 .
1113 1381 1122 1414 ,
1142 1381 1162 1414 v
1166 1382 1173 1415 .
1191 1382 1215 1415 9
1216 1382 1225 1415 .

576 1447 621 1488 I.
668 1445 750 1487 And
764 1445 864 1486 when
881 1445 922 1485 he
939 1443 1006 1484 had
1021 1442 1156 1484 spoken
1171 1441 1267 1483 these
1282 1440 1400 1481 things
1406 1440 1412 1480 ,
1428 1438 1532 1480 while
1545 1437 1630 1479 they

532 1494 657 1538 beheld
664 1494 671 1535 ,
688 1492 733 1535 he
746 1492 816 1534 was
834 1489 939 1533 taken
958 1488 1005 1530 up
1017 1489 1026 1530 ;
1053 1487 1122 1529 and
1142 1486 1161 1527 a
1176 1484 1279 1527 cloud
1297 1481 1457 1525 received
1475 1480 1546 1522 him
1566 1478 1630 1521 out

530 1536 573 1572 of
588 1536 680 1572 their
696 1537 793 1574 sight
796 1539 804 1574 .

578 1604 726 1647 Singing
735 1604 749 1645 :
773 1604 797 1645 "
809 1602 933 1645 Chime
954 1600 1007 1643 On
1014 1601 1020 1642 ,
1044 1600 1157 1642 Sweet
1177 1598 1265 1641 Bells
1271 1599 1279 1640 ,
1286 1598 1305 1639 "
1323 1598 1345 1639 p
1350 1598 1357 1639 .
1381 1597 1421 1638 12
1424 1597 1433 1638 .

749 1711 966 1746 CHRIST'S
994 1709 1183 1743 SECOND
1212 1706 1399 1741 COMING
1407 1707 1414 1739 .

852 1781 925 1819 Acts
928 1781 937 1817 ,
955 1781 971 1817 c
973 1781 983 1817 .
1002 1780 1019 1816 i
1018 1780 1028 1816 .
1032 1780 1041 1816 ,
1061 1779 1082 1815 v
1084 1779 1092 1815 .
1116 1777 1157 1815 10
1172 1777 1244 1814 and
1260 1775 1296 1813 II
1302 1776 1313 1812 ,

580 1846 622 1885 L.
671 1844 755 1884 And
769 1843 873 1883 while
888 1842 939 1881 his
955 1840 1112 1881 disciples
1130 1839 1257 1879 looked
1276 1837 1481 1877 steadfastly
1497 1835 1632 1875 toward

534 1892 669 1935 heaven
687 1892 725 1933 as
743 1892 785 1932 he
805 1890 896 1932 went
917 1889 961 1930 up
967 1890 973 1930 ,
996 1888 1126 1930 behold
1134 1888 1139 1928 ,
1161 1886 1228 1928 two
1248 1885 1325 1927 men
1352 1884 1451 1925 stood
1471 1882 1515 1924 by
1534 1881 1629 1923 them
1611 1882 1636 1922 .

532 1933 569 1974 in
588 1933 695 1976 white
710 1935 855 1978 apparel
864 1937 875 1977 ;

2723 291 2762 342 5

1705 422 1832 464 Which
1846 422 1920 463 also
1933 422 2006 462 said
2012 421 2018 461 ,
2041 421 2092 461 Ye
2109 420 2185 461 men
2202 420 2241 460 of
2254 418 2388 460 Galilee
2395 419 2400 459 ,
2418 417 2497 459 why
2512 417 2614 459 stand
2630 417 2671 457 ye
2684 417 2747 457 gaz-

1658 476 1720 518 ing
1738 475 1785 516 up
1804 474 1878 516 into
1896 471 2031 514 heaven
2043 471 2058 511 ?
2083 469 2151 511 this
2169 468 2263 510 same
2280 465 2381 508 Jesus
2385 466 2391 506 ,
2411 463 2526 506 which
2543 463 2572 503 is
2589 460 2695 503 taken
2714 459 2760 500 up

1659 522 1744 548 from
1773 529 1841 559 you
1868 512 1941 550 into
1960 511 2092 549 heaven
2096 512 2103 548 ,
2124 510 2214 548 shall
2240 511 2277 547 so
2296 509 2393 547 come
2411 509 2443 546 in
2470 508 2540 545 like
2563 507 2710 545 manner
2724 507 2760 543 as

1659 564 1703 605 ye
1720 562 1809 603 have
1826 561 1906 602 seen
1926 559 1995 600 him
2014 558 2060 598 go
2079 556 2155 597 into
2174 552 2311 595 heaven
2314 553 2325 592 ,

1959 648 2038 686 Phil
2038 648 2048 684 .
2052 648 2062 684 ,
2081 648 2097 684 c
2100 647 2109 683 .
2128 645 2173 683 iii
2171 646 2195 682 ,,
2215 645 2236 681 v
2239 645 2246 681 ,
2267 643 2311 681 20
2328 642 2398 680 and
2411 641 2453 678 21
2454 642 2469 678 .

1707 723 1749 750 R.
1801 716 1901 752 From
1930 714 2074 750 whence
2100 712 2172 748 also
2197 711 2246 747 we
2272 710 2353 746 look
2381 709 2430 745 for
2457 708 2517 744 the
2543 707 2664 743 Savior
2669 707 2677 741 ,
2700 706 2763 741 the

1662 766 1757 805 Lord
1772 765 1874 803 Jesus
1892 762 2009 802 Christ
2021 762 2030 799 :

1705 808 1799 851 Who
1815 806 1907 850 shall
1923 803 2058 848 change
2077 802 2140 846 our
2157 801 2226 845 vile
2244 800 2337 844 body
2343 800 2350 842 ,
2372 799 2448 843 that
2468 799 2495 841 it
2514 797 2594 840 may
2611 796 2654 839 be
2670 795 2748 839 fash-

1660 839 1765 888 ioned
1780 839 1851 888 like
1866 839 1951 888 unto
1967 839 2020 888 his
2034 839 2186 888 glorious
2201 839 2294 888 body
2299 839 2307 888 ,
2324 839 2513 888 according
2530 839 2563 888 to
2579 839 2639 888 the
2653 839 2749 888 work-

1658 884 1722 941 ing
1740 884 1907 941 whereby
1924 884 1967 941 he
1985 884 2011 941 is
2036 884 2116 941 able
2135 884 2221 941 even
2247 884 2283 941 to
2303 884 2438 941 subdue
2456 884 2509 941 all
2528 884 2650 941 things
2673 884 2763 941 unto

1661 945 1808 972 himself
1805 945 1815 972 .

1966 982 2049 1022 Rev.
2052 983 2062 1021 ,
2080 982 2096 1020 c
2101 982 2110 1020 .
2124 982 2164 1020 xi
2166 982 2175 1020 .
2176 981 2186 1019 ,
2205 981 2225 1019 v
2230 981 2238 1019 .
2259 980 2298 1019 15
2316 979 2385 1018 and
2404 979 2443 1017 17
2444 979 2454 1017 .

1710 1059 1748 1086 L.
1800 1051 1883 1093 And
1906 1050 2009 1092 there
2026 1049 2116 1091 were
2139 1048 2237 1090 great
2255 1048 2370 1089 voices
2394 1048 2427 1088 in
2456 1046 2590 1088 heaven
2596 1047 2602 1087 ,
2623 1045 2748 1087 saying
2751 1045 2759 1085 ,

1664 1098 1736 1141 The
1761 1096 1950 1140 kingdoms
1975 1096 2014 1137 of
2035 1094 2103 1137 this
2125 1093 2236 1136 world
2261 1092 2316 1134 are
2336 1091 2478 1134 become
2496 1090 2558 1132 the
2575 1088 2764 1132 kingdoms

1660 1148 1702 1194 of
1721 1146 1785 1193 our
1805 1143 1901 1191 Lord
1904 1143 1911 1188 ,
1932 1140 2001 1188 and
2019 1140 2060 1186 of
2081 1138 2132 1185 his
2152 1134 2271 1183 Christ
2282 1135 2289 1180 ,
2317 1131 2386 1179 and
2414 1131 2458 1177 he
2476 1128 2568 1176 shall
2584 1125 2685 1173 reign
2710 1124 2766 1170 for

1663 1193 1742 1222 ever
1759 1192 1827 1221 and
1848 1191 1926 1220 ever
1931 1192 1938 1219 .

1711 1237 1767 1266 All
1769 1237 1777 1265 .
1827 1231 1891 1275 We
1913 1230 1995 1274 give
2019 1229 2102 1273 thee
2126 1228 2254 1272 thanks
2261 1228 2266 1270 ,
2290 1228 2320 1270 O
2344 1226 2438 1270 Lord
2464 1225 2541 1268 God
2564 1222 2747 1267 Almighty
2752 1223 2760 1265 ,

1664 1279 1777 1318 which
1805 1278 1858 1316 art
1861 1279 1868 1315 ,
1897 1277 1966 1315 and
1993 1276 2077 1313 wast
2084 1276 2089 1312 ,
2118 1274 2189 1312 and
2216 1273 2266 1310 art
2294 1273 2329 1309 to
2355 1271 2452 1308 come
2466 1271 2472 1307 ;
2505 1268 2653 1306 because
2679 1266 2763 1304 thou

1665 1319 1742 1360 hast
1758 1318 1863 1359 taken
1883 1318 1918 1358 to
1937 1317 2017 1358 thee
2038 1316 2099 1356 thy
2116 1315 2214 1356 great
2233 1314 2350 1355 power
2354 1315 2360 1354 ,
2383 1313 2453 1353 and
2472 1312 2551 1353 hast
2569 1311 2711 1352 reigned
2717 1311 2726 1350 .

1620 1984 1687 2008 7039

1930 1410 2012 1450 Rev.
2015 1411 2026 1448 ,
2044 1410 2059 1447 c
2063 1410 2072 1447 .
2090 1408 2141 1446 vii
2142 1408 2152 1445 .
2153 1408 2164 1445 ,
2181 1407 2201 1444 v
2207 1407 2214 1444 .
2232 1406 2252 1443 9
2257 1406 2264 1443 ,
2291 1404 2330 1442 10
2333 1404 2341 1441 ,
2362 1402 2434 1441 and
2451 1400 2489 1439 12
2493 1401 2503 1438 .

1712 1478 1755 1522 L.
1801 1477 1886 1520 And
1889 1477 1896 1519 ,
1917 1476 1950 1519 lo
1954 1476 1962 1518 ,
1984 1476 2004 1518 a
2021 1474 2121 1517 great
2138 1470 2326 1516 multitude
2331 1471 2337 1513 ,
2360 1468 2479 1512 which
2497 1467 2542 1510 no
2559 1466 2640 1510 man
2658 1464 2766 1508 could

1667 1523 1816 1566 number
1817 1524 1824 1564 ,
1846 1523 1886 1563 of
1904 1521 1953 1562 all
1978 1519 2115 1562 nations
2121 1520 2127 1560 ,
2149 1518 2220 1560 and
2246 1516 2412 1559 kindreds
2417 1516 2424 1556 ,
2443 1514 2514 1556 and
2535 1512 2662 1555 people
2669 1513 2676 1553 ,
2697 1511 2766 1553 and

1667 1569 1816 1610 tongues
1821 1569 1828 1607 ,
1845 1566 1947 1607 stood
1965 1564 2084 1605 before
2102 1563 2163 1603 the
2181 1561 2306 1601 throne
2310 1561 2317 1599 ,
2335 1559 2405 1599 and
2423 1557 2543 1597 before
2560 1555 2621 1595 the
2640 1553 2753 1593 Lamb
2757 1553 2764 1591 ,

1667 1610 1810 1651 clothed
1835 1608 1921 1649 with
1945 1607 2052 1648 white
2078 1606 2180 1647 robes
2184 1606 2191 1645 ,
2222 1604 2291 1645 and
2316 1604 2427 1644 palms
2453 1603 2488 1643 in
2515 1602 2609 1642 their
2633 1600 2746 1641 hands
2758 1601 2767 1640 ;

1667 1656 1735 1698 and
1762 1655 1856 1697 cried
1875 1654 1959 1696 with
1986 1655 2004 1695 a
2028 1653 2112 1695 loud
2137 1652 2235 1694 voice
2241 1652 2246 1692 ,
2273 1650 2396 1692 saying
2401 1651 2407 1691 ,
2438 1648 2617 1691 Salvation
2644 1648 2680 1688 to
2706 1646 2770 1688 our

1669 1700 1746 1740 God
1761 1699 1878 1739 which
1895 1698 2013 1737 sitteth
2031 1696 2124 1736 upon
2145 1695 2205 1734 the
2220 1694 2343 1734 throne
2349 1694 2356 1732 ,
2374 1692 2443 1732 and
2459 1691 2545 1731 unto
2562 1690 2621 1729 the
2641 1689 2753 1729 Lamb
2756 1689 2765 1727 .

1714 1744 1776 1789 All
1773 1745 1785 1788 .
1832 1743 1948 1787 Amen
1958 1742 1969 1785 :
2005 1739 2161 1785 Blessing
2166 1740 2173 1783 ,
2203 1738 2273 1783 and
2297 1737 2398 1781 glory
2402 1737 2409 1780 ,
2431 1735 2501 1780 and
2520 1733 2664 1779 wisdom
2670 1734 2679 1777 ,
2699 1732 2769 1777 and

1669 1786 1922 1835 thanksgiving
1924 1787 1932 1832 ,
1962 1785 2032 1832 and
2060 1784 2172 1831 honor
2177 1784 2182 1829 ,
2217 1782 2285 1829 and
2316 1781 2431 1828 power
2437 1782 2443 1827 ,
2472 1780 2541 1826 and
2572 1779 2687 1826 might
2690 1779 2697 1824 ,
2725 1779 2769 1824 be

2351 1827 2462 1861 Amen
2467 1828 2477 1858 .

1669 1833 1755 1873 unto
1773 1832 1837 1872 our
1856 1831 1933 1871 God
1952 1830 2003 1870 for
2024 1829 2103 1869 ever
2121 1829 2190 1868 and
2208 1827 2290 1867 ever
2291 1828 2301 1866 .

1715 1921 1865 1965 Singing
1911 1921 1934 1963 "
1948 1919 2031 1963 Sing
2051 1919 2124 1962 Out
2142 1919 2161 1961 a
2179 1918 2293 1961 Royal
2310 1917 2405 1961 Song
2406 1917 2415 1959 ,
2422 1917 2441 1959 "
2460 1917 2483 1959 p
2489 1917 2498 1959 .
2515 1917 2538 1959 9
2539 1916 2549 1958 .
