2302 3404
789 209 890 234 THE
930 209 1284 234 CHRISTIAN'S
1323 209 1500 234 DEATH
1513 209 1524 234 .

231 290 343 337 969

364 330 391 348 C.
404 330 439 348 M.

593 321 647 352 Fob
659 323 676 351 3
683 324 694 352 :
712 325 797 356 17-20
796 328 804 356 .

233 361 334 411 How
356 361 440 411 still
459 362 536 411 and
555 362 738 413 peaceful
756 363 787 412 is
809 364 878 413 the
897 364 1020 414 grave
1033 365 1045 414 !

287 419 435 466 Where
439 419 447 466 ,
465 419 565 466 life's
586 419 678 466 vain
700 419 867 466 tumults
889 419 982 466 past
985 419 994 466 ,

233 473 323 520 The
341 473 555 520 appointed
570 473 694 520 house
697 473 703 520 ,
721 473 772 520 by
790 473 972 520 heaven's
990 473 1129 520 decree
1132 473 1141 520 ,

287 528 478 561 Receives
498 528 543 561 us
564 528 624 561 all
640 528 683 561 at
697 528 782 561 last
784 528 794 561 .

999 328 1028 344 R.
1043 328 1131 344 BLAIR
1135 328 1141 344 .

232 598 258 653 2
284 596 375 652 The
385 593 540 651 wicked
549 593 664 650 there
674 591 775 648 from
789 589 993 647 troubling
1006 588 1122 644 cease
1129 588 1141 643 ;

287 650 412 700 Their
425 652 608 703 passions
627 656 724 706 rage
741 658 793 707 no
812 659 921 709 more
930 661 943 708 ;

235 706 326 753 And
343 706 455 754 there
471 707 542 754 the
558 707 689 755 weary
711 707 867 756 pilgrim
887 708 990 756 rests

285 760 402 796 From
425 760 482 796 all
498 760 566 796 the
586 760 678 796 toils
700 760 746 796 he
768 760 860 796 bore
864 760 873 796 .

230 829 260 884 3
282 827 420 883 There
450 824 632 882 servants
638 824 645 879 ,
680 821 848 879 masters
854 822 863 877 ,
901 820 1019 877 small
1062 819 1140 875 and

283 884 459 926 Partake
476 889 547 929 the
565 891 674 932 same
693 894 831 935 repose
844 898 859 935 ;

230 940 321 989 And
341 939 451 988 there
456 940 462 987 ,
484 940 525 987 in
544 938 666 987 peace
672 939 679 986 ,
699 938 767 986 the
789 937 904 985 ashes
923 936 1004 984 mix

283 992 341 1031 Of
354 992 469 1031 those
489 992 577 1032 who
598 993 695 1032 once
716 993 818 1033 were
835 994 920 1033 foes
925 994 935 1033 .

994 890 1016 936 [
1011 888 1126 936 great
1128 889 1137 935 ,

226 1066 253 1115 4
281 1065 353 1114 All
355 1065 363 1114 ,
383 1063 540 1114 leveled
559 1064 609 1113 by
631 1063 697 1112 the
718 1062 825 1112 hand
844 1062 887 1111 of
912 1061 1030 1111 death
1033 1061 1044 1110 ,

283 1119 354 1165 Lie
372 1118 550 1166 sleeping
569 1120 609 1166 in
628 1120 696 1166 the
715 1120 824 1167 tomb
828 1121 838 1167 ,

229 1173 316 1219 Till
334 1173 421 1219 God
441 1173 481 1219 in
496 1173 707 1219 judgment
727 1173 824 1219 calls
844 1173 954 1219 them
973 1173 1076 1219 forth

283 1227 343 1263 To
364 1227 469 1262 meet
488 1226 591 1262 their
612 1226 705 1261 final
728 1225 839 1261 doom
845 1225 854 1260 .

224 1312 346 1389 970
353 1333 396 1397 C.
392 1340 440 1405 M.

568 1358 608 1390 To
618 1359 668 1391 die
681 1362 708 1393 is
717 1362 792 1395 gain
791 1365 801 1395 .
873 1371 908 1388 W.
923 1371 952 1388 H.
969 1371 1126 1388 BATHURST
1131 1371 1136 1388 .

227 1402 345 1446 WHY
359 1403 504 1447 should
523 1405 594 1448 our
614 1405 717 1449 tears
736 1407 777 1449 in
799 1407 942 1451 sorrow
964 1409 1051 1452 flow
1057 1409 1068 1451 ,

282 1453 417 1497 When
437 1456 528 1498 God
545 1457 690 1501 recalls
703 1460 766 1503 his
785 1462 873 1504 own
886 1463 898 1504 ;

229 1509 323 1548 And
342 1509 428 1548 bids
448 1510 556 1549 them
577 1510 693 1550 leave
713 1511 734 1549 a
756 1511 878 1551 world
900 1512 942 1550 of
957 1513 1041 1551 woe

283 1564 364 1600 For
384 1564 432 1600 an
451 1564 654 1602 immortal
675 1566 805 1603 crown
817 1567 835 1603 ?

229 1639 251 1686 2
281 1639 327 1686 Is
346 1639 416 1686 not
434 1639 521 1686 ev'n
543 1639 661 1686 death
683 1639 705 1686 a
725 1639 817 1686 gain
838 1639 878 1686 to
899 1639 1015 1686 those

283 1686 434 1732 Whose
450 1688 521 1733 life
538 1690 580 1734 to
601 1690 693 1734 God
712 1692 794 1736 was
813 1693 933 1737 given
945 1695 965 1738 ?

230 1742 378 1792 Gladly
397 1744 438 1792 to
459 1744 574 1794 earth
597 1745 701 1795 their
719 1746 811 1796 eyes
832 1747 926 1797 they
946 1748 1053 1798 close
1055 1750 1065 1798 ,

283 1802 342 1847 To
363 1799 464 1845 open
484 1797 594 1844 them
611 1796 653 1841 in
673 1794 827 1841 heaven
829 1794 841 1838 .

225 1886 255 1919 3
281 1864 408 1916 Their
420 1866 512 1917 toils
527 1867 595 1919 are
608 1868 700 1919 past
706 1869 714 1919 ,
734 1869 837 1921 their
853 1870 961 1922 work
972 1872 1003 1922 is
1022 1872 1122 1924 done
1127 1874 1135 1924 ,

282 1927 374 1972 And
394 1927 490 1972 they
513 1927 579 1972 are
596 1927 699 1972 fully
720 1927 824 1972 blest
839 1927 851 1972 :

228 1976 346 2029 They
363 1977 509 2030 fought
525 1978 596 2030 the
617 1979 718 2031 fight
722 1980 730 2031 ,
752 1980 821 2031 the
840 1980 995 2033 victory
1018 1982 1103 2034 won
1110 1982 1117 2033 ,

282 2032 374 2068 And
393 2032 554 2068 entered
571 2032 656 2068 into
675 2032 758 2068 rest
761 2032 771 2068 .

225 2101 251 2146 4
283 2101 395 2147 Then
414 2102 470 2149 let
490 2103 561 2149 our
582 2104 746 2152 sorrows
769 2106 884 2152 cease
902 2107 942 2152 to
964 2107 1050 2154 flow
1055 2109 1065 2154 ,-

280 2150 371 2195 God
390 2152 462 2196 has
481 2154 653 2200 recalled
673 2158 735 2202 his
755 2160 843 2204 own
864 2162 875 2204 ;

228 2202 321 2248 And
339 2205 398 2249 let
417 2206 489 2252 our
507 2208 641 2255 hearts
661 2212 701 2257 in
723 2213 843 2260 every
863 2217 948 2262 woe
949 2219 958 2262 ,

281 2264 376 2314 Still
394 2265 467 2313 say
466 2265 481 2313 ,
532 2264 558 2312 "
576 2264 669 2312 Thy
691 2263 773 2311 will
792 2263 838 2311 be
860 2261 960 2310 done
973 2262 986 2310 !
996 2262 1017 2310 "

365 2407 391 2424 P.
403 2406 437 2423 M.

223 2364 336 2416 971

226 2440 329 2490 THIS
343 2441 462 2491 place
479 2443 513 2491 is
534 2443 628 2493 holy
649 2444 802 2494 ground
820 2446 832 2494 !

277 2494 422 2543 World
423 2497 433 2543 ,
453 2497 553 2544 with
566 2498 622 2546 its
641 2500 754 2548 cares
756 2502 767 2548 ,
786 2502 901 2550 away
914 2504 928 2550 !

225 2549 264 2597 A
282 2549 375 2597 holy
381 2549 391 2597 ,
411 2549 562 2599 solemn
583 2549 757 2599 stillness
765 2551 772 2599 ,
792 2551 917 2599 round

277 2598 377 2648 This
394 2600 544 2651 lifeless
548 2602 558 2650 ,
572 2602 820 2655 mouldering
841 2606 931 2656 clay
945 2608 958 2656 ;

225 2656 310 2705 Nor
328 2656 420 2705 pain
426 2657 434 2706 ,
455 2657 526 2706 nor
545 2657 650 2708 grief
650 2658 657 2707 ,
678 2658 749 2707 nor
771 2658 936 2709 anxious
954 2659 1040 2709 fear
1041 2660 1051 2709 ,

224 2706 312 2757 Can
330 2707 448 2758 reach
467 2709 538 2760 the
555 2710 738 2762 peaceful
758 2712 912 2764 sleeper
928 2715 1021 2765 here
1023 2716 1034 2765 .

225 2780 246 2823 2
276 2780 432 2825 Behold
449 2782 520 2827 the
539 2784 615 2828 bed
634 2785 680 2830 of
702 2786 822 2832 death
827 2788 836 2831 ,

277 2835 365 2883 The
384 2836 477 2884 pale
498 2837 574 2885 and
594 2838 740 2885 mortal
759 2839 847 2887 clay
866 2840 878 2886 !

224 2889 363 2940 Heard
381 2891 433 2940 ye
450 2891 520 2941 the
540 2892 612 2942 sob
631 2892 677 2942 of
698 2892 856 2943 parting
879 2894 1020 2945 breath
1034 2895 1053 2944 ?

273 2942 444 2991 Marked
460 2945 511 2992 ye
530 2945 600 2993 the
620 2946 722 2994 eye's
741 2947 824 2995 last
841 2962 913 2995 ray
926 2949 948 2982 ?

223 2995 287 3044 No
303 2995 317 3044 !
341 2995 411 3044 life
437 2996 481 3045 so
501 2996 667 3047 sweetly
689 2997 829 3048 ceased
849 2998 888 3047 to
910 2998 958 3048 be
961 2999 972 3048 ,

223 3051 267 3096 It
281 3051 422 3099 lapsed
441 3053 480 3098 in
500 3053 761 3102 immortality
763 3056 774 3101 .

1086 2130 1114 2137 1

566 2396 626 2427 The
638 2398 790 2431 Cemetery
789 2403 801 2431 .
869 2410 892 2431 J.
907 2410 1123 2431 MONTGOMERY
1126 2410 1132 2431 .

1181 317 1205 365 3
1233 317 1343 365 Bury
1362 317 1430 366 the
1451 318 1552 366 dead
1556 318 1564 366 ,
1586 318 1664 367 and
1686 319 1791 367 weep

1233 373 1283 408 In
1303 373 1476 408 stillness
1499 373 1575 408 o'er
1595 373 1661 408 the
1681 373 1763 408 loss
1780 373 1794 408 !

1178 425 1289 475 Bury
1308 425 1375 475 the
1398 425 1497 475 dead
1507 425 1515 475 !
1545 425 1583 475 in
1609 425 1742 475 Christ
1762 425 1859 475 they
1879 425 1985 475 sleep

1232 474 1339 519 Who
1357 476 1453 520 bore
1471 477 1521 522 on
1542 478 1654 523 earth
1674 480 1736 524 his
1756 481 1864 525 cross
1879 483 1891 526 ;

2008 213 2086 248 363

1180 531 1273 579 And
1289 531 1386 579 from
1408 532 1478 580 the
1498 532 1621 581 grave
1640 533 1743 581 their
1764 533 1856 581 dust
1875 534 1980 582 shall
1995 534 2075 582 rise
2078 535 2087 583 ,

1177 586 1227 642 In
1248 585 1305 641 his
1328 584 1416 641 own
1435 583 1563 640 image
1584 583 1625 638 to
1646 581 1715 638 the
1735 580 1838 636 skies
1841 580 1852 635 .

1177 689 1287 739 972

1309 730 1353 746 IOS
1356 730 1362 745 .

1487 722 1584 747 Death
1600 723 1632 746 at
1646 723 1748 748 Prime
1749 724 1759 747 .
1827 730 1848 754 J.
1859 728 2076 754 MONTGOMERY
2078 728 2085 751 .

1179 765 1239 811 Go
1253 765 1294 811 to
1309 765 1378 811 the
1394 765 1516 813 grave
1531 766 1570 812 in
1593 766 1644 812 all
1661 767 1732 813 thy
1750 767 1922 814 glorious
1937 768 2060 815 prime
2078 768 2089 814 !

1176 817 1226 874 In
1245 817 1320 873 full
1339 815 1508 873 activity
1528 815 1574 870 of
1587 813 1676 870 zeal
1694 812 1773 869 and
1790 811 1926 868 power
1938 811 1952 866 ;

1176 870 1216 913 A
1237 869 1436 914 Christian
1458 871 1603 916 cannot
1623 872 1685 915 die
1707 872 1841 917 before
1858 873 1921 917 his
1941 874 2036 918 time
2050 874 2060 917 ;

1177 925 1264 972 The
1287 925 1420 972 Lord's
1452 925 1724 972 appointment
1752 925 1784 972 is
1804 925 1875 972 the
1894 925 2085 972 servant's

1334 980 1432 1013 hour
1434 980 1444 1012 .

1335 1107 1450 1141 cease
1467 1113 1479 1142 ;

1176 1046 1197 1090 2
1228 1045 1288 1089 Go
1309 1045 1348 1089 to
1371 1044 1439 1089 the
1467 1043 1590 1088 grave
1608 1044 1618 1088 ;
1650 1043 1689 1087 at
1716 1043 1816 1087 noon
1848 1042 1942 1087 from
1972 1042 2086 1086 labor

1943 1097 1964 1142 [
1962 1097 2065 1142 done
2074 1097 2086 1142 ;

1176 1151 1276 1198 Rest
1295 1151 1341 1197 on
1366 1151 1438 1197 thy
1459 1149 1628 1197 sheaves
1632 1150 1638 1196 ,
1671 1150 1742 1196 thy
1764 1148 1926 1196 harvest
1928 1149 1942 1195 -
1944 1148 2034 1195 task
2050 1148 2084 1194 is

1176 1203 1299 1248 Come
1336 1203 1435 1248 from
1475 1203 1544 1248 the
1576 1203 1668 1248 heat
1704 1203 1747 1248 of
1770 1203 1897 1248 battle
1902 1203 1911 1248 ,
1941 1203 2019 1248 and
2044 1203 2085 1248 in

1334 1270 1456 1303 peace
1459 1270 1467 1303 ,

1961 1260 1985 1304 [
1982 1258 2071 1303 won
2074 1258 2084 1302 .

1177 1311 1333 1358 Soldier
1343 1311 1356 1358 !
1384 1311 1435 1358 go
1454 1311 1568 1358 home
1585 1311 1592 1358 ;
1619 1311 1712 1358 with
1733 1311 1824 1358 thee
1843 1311 1915 1358 the
1932 1311 2036 1358 fight
2052 1311 2087 1358 is

1175 1384 1201 1433 3
1228 1383 1288 1432 Go
1308 1383 1348 1432 to
1369 1382 1438 1431 the
1457 1381 1581 1431 grave
1585 1381 1592 1430 ,
1611 1381 1670 1430 for
1689 1379 1802 1430 there
1822 1380 1897 1429 thy
1916 1378 2087 1429 Saviour

1330 1436 1402 1482 lay

1174 1483 1226 1534 In
1245 1483 1392 1535 death's
1409 1484 1611 1537 embraces
1619 1487 1625 1537 ,
1644 1487 1708 1539 ere
1724 1488 1772 1538 he
1783 1488 1873 1540 rose
1893 1490 1942 1540 on
1962 1490 2059 1542 high
2075 1491 2084 1541 ;

1174 1536 1268 1584 And
1301 1538 1358 1585 all
1385 1539 1453 1586 the
1483 1539 1689 1588 ransomed
1696 1542 1702 1588 ,
1734 1542 1785 1590 by
1816 1543 1905 1591 that
1933 1544 2085 1593 narrow

1336 1610 1423 1643 way
1425 1610 1435 1643 ,

1175 1643 1276 1693 Pass
1294 1645 1334 1693 to
1356 1645 1507 1695 eternal
1524 1647 1592 1696 life
1613 1647 1767 1697 beyond
1789 1649 1858 1699 the
1878 1650 1951 1700 sky
1955 1651 1965 1699 .

1173 1723 1199 1769 4
1227 1723 1288 1769 Go
1320 1723 1361 1769 to
1395 1723 1463 1769 the
1495 1723 1618 1769 grave
1634 1723 1650 1769 ?
1681 1723 1728 1769 no
1735 1723 1742 1769 ,
1775 1723 1868 1769 take
1894 1723 1970 1769 thy
1999 1723 2087 1769 seat

1335 1776 1460 1811 above
1478 1776 1488 1811 !

1173 1830 1229 1878 Be
1249 1830 1321 1878 thy
1341 1830 1439 1878 pure
1459 1830 1570 1878 spirit
1592 1830 1750 1878 present
1771 1830 1867 1878 with
1880 1830 1949 1878 the
1966 1830 2071 1878 Lord
2072 1830 2082 1878 ,

1173 1874 1321 1927 Where
1339 1876 1438 1927 thou
1456 1877 1517 1929 for
1543 1878 1646 1930 faith
1667 1879 1744 1931 and
1763 1880 1867 1932 hope
1886 1882 1978 1934 hast
1996 1883 2068 1935 per-

1326 1932 1413 1977 fect
1426 1937 1521 1981 love
1522 1941 1534 1981 ,

1173 1983 1264 2035 And
1284 1983 1385 2036 open
1406 1984 1531 2037 vision
1552 1985 1611 2036 for
1630 1986 1699 2037 the
1719 1986 1876 2039 written
1901 1987 2026 2040 Word
2028 1988 2037 2039 .

1304 2130 1330 2145 L.
1346 2130 1379 2145 M.

1170 2086 1288 2140 973

1172 2157 1207 2207 O
1229 2157 1311 2209 Son
1330 2159 1375 2210 of
1399 2159 1487 2211 God
1491 2161 1500 2211 ,
1514 2161 1557 2213 in
1576 2162 1691 2215 glory
1711 2164 1895 2218 crowned
1897 2167 1906 2217 ,

1224 2216 1308 2265 The
1325 2215 1460 2266 Judge
1478 2216 1663 2267 ordained
1678 2217 1720 2267 of
1732 2218 1850 2268 quick
1867 2218 1945 2268 and
1960 2219 2061 2268 dead
2071 2219 2083 2268 !

1172 2273 1206 2322 O
1230 2273 1308 2322 Son
1328 2273 1374 2322 of
1396 2273 1488 2322 man
1493 2273 1500 2322 ,
1522 2273 1564 2322 so
1585 2273 1741 2322 pitying
1761 2273 1885 2322 found

1226 2324 1304 2374 For
1325 2324 1379 2373 all
1397 2325 1467 2374 the
1486 2325 1591 2376 tears
1614 2326 1686 2375 thy
1706 2326 1847 2377 people
1868 2328 1967 2378 shed
1986 2328 1995 2377 !

1172 2392 1194 2440 2
1224 2392 1283 2441 Be
1303 2392 1397 2442 with
1416 2394 1461 2442 us
1480 2394 1522 2443 in
1543 2395 1621 2444 this
1642 2395 1841 2446 darkened
1867 2398 1985 2448 place
1987 2399 2001 2447 ,-

1225 2448 1324 2497 This
1344 2448 1476 2498 weary
1481 2449 1490 2497 ,
1506 2449 1668 2499 restless
1675 2450 1683 2498 ,
1700 2450 1922 2500 dangerous
1941 2451 2059 2501 night
2069 2453 2078 2501 ;

1168 2495 1263 2548 And
1281 2497 1400 2550 teach
1402 2499 1411 2549 ,
1433 2500 1483 2551 oh
1486 2501 1493 2551 ,
1515 2501 1634 2554 teach
1654 2503 1700 2555 us
1735 2505 1788 2556 by
1804 2506 1880 2557 thy
1893 2507 2013 2560 grace
2015 2509 2022 2559 ,

1222 2557 1284 2602 To
1305 2556 1483 2603 struggle
1505 2557 1664 2604 onward
1684 2559 1766 2604 into
1787 2559 1893 2606 light
1906 2560 1919 2605 !

1171 2616 1196 2664 3
1223 2615 1317 2665 And
1336 2616 1443 2666 since
1448 2618 1456 2666 ,
1474 2618 1516 2666 in
1539 2618 1658 2668 God's
1684 2619 1889 2670 recording
1911 2621 2013 2671 book
2016 2622 2026 2670 ,

1222 2668 1308 2713 Our
1325 2671 1407 2715 sins
1427 2673 1495 2717 are
1514 2675 1671 2722 written
1675 2679 1684 2721 ,
1705 2679 1826 2725 every
1844 2682 1920 2727 one
1919 2685 1932 2727 ,-

1170 2724 1258 2773 The
1271 2725 1389 2774 crime
1395 2726 1402 2773 ,
1415 2726 1483 2775 the
1500 2727 1626 2776 wrath
1632 2728 1638 2775 ,
1656 2728 1722 2777 the
1734 2728 1959 2778 wandering
1974 2730 2067 2779 look
2070 2732 2078 2779 ,

1225 2781 1313 2830 The
1327 2781 1430 2831 good
1447 2782 1504 2830 we
1518 2782 1629 2832 knew
1636 2783 1642 2831 ,
1661 2783 1735 2832 and
1757 2784 1828 2832 left
1843 2784 1999 2834 undone
2015 2786 2029 2834 ;-

1165 2843 1191 2889 4
1223 2843 1328 2890 Lord
1331 2843 1339 2889 ,
1379 2844 1444 2890 ere
1477 2844 1543 2890 the
1581 2845 1662 2891 last
1701 2845 1820 2893 dread
1860 2845 1990 2893 trump
2031 2847 2082 2893 be

1327 2899 1450 2944 heard
1453 2900 1462 2943 ,

1222 2945 1318 2995 And
1335 2946 1400 2996 ere
1419 2947 1552 2998 before
1571 2949 1643 2999 thy
1662 2950 1749 3000 face
1770 2952 1828 3001 we
1849 2953 1966 3002 stand
1970 2954 1983 3002 ,

1168 2999 1279 3049 Look
1296 3001 1395 3050 thou
1414 3003 1464 3052 on
1480 3003 1578 3053 each
1599 3005 1788 3055 accusing
1807 3007 1915 3057 word
1917 3009 1926 3057 ,

1223 3055 1317 3105 And
1336 3055 1421 3106 blot
1440 3056 1470 3105 it
1491 3056 1585 3107 with
1607 3057 1677 3106 thy
1700 3057 1883 3108 bleeding
1905 3059 2010 3109 hand
2016 3059 2025 3108 .

1455 2121 1496 2151 Be
1507 2120 1628 2152 Pitiful
1629 2122 1637 2152 ,
1654 2122 1677 2152 O
1693 2122 1753 2153 God
1755 2123 1761 2153 .
1801 2123 1828 2153 C.
1842 2124 1869 2154 F.
1883 2124 2073 2156 ALEXANDER
2075 2125 2082 2155 .

1942 2700 1975 2707 -
