2088 3268
1007 268 1153 293 HYMNS
1158 268 1166 293 .

299 366 322 409 4
354 366 443 410 And
466 367 484 410 I
505 367 603 411 have
623 367 791 412 brought
809 369 851 412 to
870 369 960 414 thee
963 370 971 413 ,

405 419 532 463 Down
554 419 652 463 from
673 419 738 464 my
758 420 870 464 home
890 420 1014 465 above
1016 421 1025 465 ,

351 474 553 510 Salvation
574 474 648 510 full
667 474 741 510 and
763 474 844 510 free
849 474 859 510 ,

403 528 475 575 My
495 527 642 574 pardon
664 526 740 572 and
762 525 833 571 My
853 524 943 571 love
958 525 967 570 ;

349 575 371 625 I
390 574 505 626 bring
509 576 517 626 ,
540 576 559 626 I
577 576 693 627 bring
706 577 788 628 rich
806 577 897 629 gifts
919 578 957 628 to
973 579 1061 630 thee
1067 579 1073 629 ,

353 635 474 680 What
490 635 580 680 hast
597 635 693 680 thou
714 635 883 680 brought
904 635 942 680 to
964 635 1024 680 me
1039 635 1059 680 ?

333 732 441 783 No.
464 731 583 782 189
591 732 604 781 .

298 834 318 880 1
350 834 479 880 Grace
496 834 508 880 !
533 834 546 880 '
544 834 596 880 tis
615 834 640 880 a
657 834 859 880 charming
877 834 1001 880 sound
1003 834 1011 880 ,

404 885 668 921 Harmonious
690 888 727 921 to
748 888 814 922 the
833 889 899 923 ear
914 889 926 922 :

353 940 515 976 Heaven
546 940 639 976 with
670 940 735 976 the
766 940 859 976 echo
890 940 990 976 shall
1020 940 1061 976 re-

508 995 632 1034 sound
636 995 645 1034 ,

405 1048 495 1083 And
515 1048 568 1082 all
588 1048 653 1082 the
673 1047 782 1081 earth
804 1047 905 1081 shall
923 1046 1017 1080 hear
1019 1046 1029 1080 .

298 1116 323 1158 2
354 1116 481 1159 Grace
500 1117 584 1161 first
603 1118 802 1163 contrived
822 1121 889 1165 the
909 1122 996 1165 way

406 1177 465 1212 To
485 1177 576 1212 save
598 1177 803 1212 rebellious
825 1177 912 1212 man
931 1177 941 1212 ;

354 1224 446 1269 And
464 1226 520 1270 all
539 1226 604 1271 the
625 1227 729 1272 steps
748 1228 837 1273 that
862 1242 978 1275 grace
1005 1226 1061 1260 dis-

509 1286 605 1331 play

407 1337 550 1380 Which
562 1337 666 1380 drew
679 1337 745 1380 the
761 1337 962 1380 wondrous
975 1337 1064 1380 plan
1067 1337 1081 1380 .

300 1413 324 1459 3
355 1413 480 1459 Grace
501 1413 565 1459 led
585 1413 649 1459 my
669 1413 810 1459 roving
832 1413 911 1459 feet

408 1465 467 1510 To
487 1465 596 1510 tread
616 1465 681 1510 the
703 1465 895 1510 heavenly
917 1465 1009 1510 road
1024 1465 1034 1510 ;

354 1520 446 1567 And
482 1519 565 1566 new
595 1517 763 1565 supplies
811 1515 903 1562 each
934 1514 1034 1561 hour
1059 1514 1084 1559 I

513 1579 617 1614 meet
618 1582 629 1614 ,

408 1626 538 1674 While
556 1624 736 1673 pressing
753 1624 802 1670 on
823 1624 866 1670 to
889 1622 979 1670 God
981 1622 991 1668 .

303 1698 328 1737 4
357 1697 484 1738 Grace
502 1699 557 1738 all
574 1699 641 1738 the
664 1699 768 1740 work
789 1700 891 1740 shall
909 1700 1037 1741 crown
1044 1701 1054 1740 ,

411 1754 596 1803 Through
617 1752 853 1801 everlasting
874 1751 970 1799 days
987 1752 998 1798 ;

357 1807 397 1857 It
426 1807 511 1857 lays
541 1807 582 1857 in
621 1807 770 1859 heaven
810 1809 876 1859 the
913 1809 1083 1860 topmost

514 1868 626 1899 stone
628 1868 639 1899 ,

408 1912 503 1954 And
523 1912 613 1955 well
627 1912 809 1955 deserves
829 1914 898 1955 the
916 1914 1044 1957 praise
1045 1915 1055 1956 .

337 2013 447 2062 No.
467 2011 589 2061 190
596 2011 607 2059 .

306 2110 325 2157 1
360 2110 482 2157 Work
487 2110 496 2157 ,
515 2110 578 2157 for
596 2110 663 2157 the
684 2110 795 2157 night
814 2110 843 2157 is
866 2110 1019 2157 coming
1019 2110 1029 2157 ,

413 2165 538 2211 Work
579 2165 747 2211 through
792 2165 860 2211 the
904 2165 1086 2211 morning

517 2222 636 2258 hours
650 2226 663 2258 ;

361 2271 483 2318 Work
485 2271 493 2317 ,
512 2271 627 2317 while
641 2270 709 2316 the
722 2270 804 2316 dew
822 2270 852 2316 is
869 2268 1070 2316 sparkling
1072 2269 1082 2315 ,

413 2324 538 2370 Work
559 2324 569 2370 '
570 2324 648 2370 mid
668 2324 868 2370 springing
888 2324 1039 2370 flowers
1055 2324 1064 2370 ;

361 2374 485 2421 Work
488 2374 499 2420 ,
544 2374 657 2422 when
706 2375 772 2421 the
827 2376 902 2422 day
958 2376 1086 2424 grows

517 2435 693 2476 brighter
693 2435 703 2474 ,

416 2481 540 2530 Work
558 2483 597 2530 in
618 2483 684 2532 the
703 2483 878 2532 glowing
896 2485 968 2534 sun
983 2486 995 2533 ;

363 2537 489 2584 Work
493 2537 501 2584 ,
524 2537 585 2584 for
605 2537 672 2584 the
693 2537 804 2584 night
825 2537 853 2584 is
876 2537 1030 2584 coming
1032 2537 1039 2584 ,

415 2592 540 2628 When
564 2591 683 2627 man's
707 2590 811 2625 work
834 2590 862 2624 is
886 2588 983 2624 done
989 2589 997 2623 .

309 2669 333 2716 2
362 2667 486 2715 Work
490 2668 498 2715 ,
517 2667 579 2714 for
601 2667 665 2714 the
686 2665 796 2714 night
817 2666 846 2713 is
868 2664 1021 2713 coming
1022 2665 1032 2712 ,

418 2721 542 2767 Work
554 2721 724 2767 through
740 2721 805 2767 the
820 2721 944 2767 sunny
959 2721 1059 2767 noon
1078 2721 1089 2767 ;

367 2776 444 2823 Fill
466 2773 659 2821 brightest
676 2771 793 2818 hours
815 2770 909 2817 with
927 2767 1039 2815 labor
1038 2768 1049 2813 ,

420 2828 516 2864 Rest
533 2828 659 2864 comes
681 2828 770 2864 sure
788 2828 865 2864 and
885 2828 976 2864 soon
982 2828 991 2864 .

1168 361 1267 413 Give
1287 360 1406 412 every
1425 359 1546 410 flying
1565 357 1710 409 minute

1220 416 1449 463 Something
1470 416 1508 461 to
1529 416 1628 461 keep
1647 416 1685 461 in
1708 415 1812 460 store
1826 415 1835 460 ;

1166 470 1293 515 Work
1296 470 1304 515 ,
1326 470 1383 515 for
1407 470 1472 515 the
1492 470 1601 515 night
1622 470 1653 515 is
1674 470 1826 515 coming
1827 470 1837 515 ,

1222 522 1349 559 When
1372 524 1458 560 man
1482 524 1607 561 works
1629 526 1677 561 no
1699 526 1807 563 more
1810 527 1818 562 .

1114 579 1135 629 3
1171 579 1294 631 Work
1300 581 1307 631 ,
1330 581 1388 631 for
1412 581 1477 632 the
1498 582 1609 633 night
1628 583 1658 633 is
1681 583 1834 634 coming
1834 584 1846 634 ,

1222 642 1360 678 Under
1379 642 1444 678 the
1465 642 1599 678 sunset
1618 642 1720 678 skies
1736 642 1748 678 ;

1168 690 1300 739 While
1319 691 1421 740 their
1440 692 1570 741 bright
1589 693 1682 742 tints
1698 695 1763 742 are
1778 695 1878 743 glow-

1325 749 1392 794 ing
1394 749 1405 794 ,

1221 799 1347 847 Work
1352 799 1361 846 ,
1381 799 1442 846 for
1461 799 1528 847 the
1547 799 1723 848 daylight
1744 801 1824 848 flies
1827 801 1836 848 .

1169 855 1291 893 Work
1298 855 1306 893 ,
1327 855 1388 893 till
1407 855 1473 893 the
1492 855 1568 893 last
1587 855 1697 893 beam
1717 855 1850 893 fadeth
1854 855 1863 893 ,

1220 903 1373 943 Fadeth
1392 907 1431 944 to
1451 908 1562 947 shine
1583 910 1632 948 no
1653 912 1761 951 more
1774 915 1785 951 ;

1169 961 1293 1009 Work
1295 962 1303 1008 ,
1326 960 1442 1008 while
1461 961 1527 1007 the
1548 959 1659 1007 night
1681 960 1711 1006 is
1728 958 1873 1006 darken-

1323 1016 1391 1060 ing
1393 1016 1402 1060 ,

1219 1069 1348 1102 When
1368 1069 1489 1102 man's
1513 1069 1619 1102 work
1639 1069 1670 1102 is
1693 1069 1773 1102 o'er
1776 1069 1786 1102 .

1150 1131 1256 1180 No.
1281 1130 1386 1179 191
1392 1131 1402 1178 .

1117 1195 1135 1242 1
1156 1194 1267 1243 Thou
1283 1195 1375 1244 dear
1393 1196 1607 1246 Redeemer
1610 1199 1617 1246 ,
1622 1198 1743 1247 dying
1759 1200 1881 1248 Lamb
1882 1201 1891 1248 ,

1224 1254 1244 1292 I
1260 1254 1351 1292 love
1369 1254 1408 1292 to
1431 1254 1524 1292 hear
1541 1254 1586 1292 of
1613 1254 1722 1292 Thee
1739 1254 1749 1292 ;

1169 1300 1234 1349 No
1270 1300 1420 1351 music's
1459 1302 1540 1352 like
1573 1304 1661 1353 Thy
1695 1305 1895 1356 charming

1329 1374 1441 1402 name
1443 1374 1453 1402 ,

1224 1412 1309 1447 Nor
1328 1412 1413 1448 half
1439 1413 1480 1447 so
1500 1413 1617 1449 sweet
1637 1414 1706 1449 can
1727 1415 1775 1449 be
1779 1415 1788 1449 .
1813 1416 1826 1450 .

1118 1474 1144 1520 2
1173 1474 1207 1520 O
1210 1474 1220 1520 ,
1240 1474 1295 1521 let
1315 1475 1374 1521 me
1395 1475 1485 1523 ever
1506 1476 1598 1523 hear
1620 1477 1707 1524 Thy
1729 1477 1838 1525 voice
1839 1478 1849 1524 ,

1223 1533 1273 1579 In
1293 1532 1423 1578 mercy
1443 1532 1482 1577 to
1503 1531 1565 1577 me
1584 1529 1703 1576 speak
1723 1530 1733 1575 ;

1170 1585 1221 1629 In
1233 1585 1341 1629 Thee
1345 1585 1355 1629 ,
1371 1585 1436 1629 my
1452 1585 1582 1629 Priest
1586 1585 1593 1629 ,
1608 1585 1689 1629 will
1704 1585 1722 1629 I
1738 1585 1880 1629 rejoice
1883 1585 1895 1629 ,

1225 1638 1337 1684 Thou
1359 1637 1472 1683 great
1492 1636 1753 1682 Melchisedec
1768 1636 1778 1680 !

1118 1701 1142 1747 3
1170 1701 1245 1747 My
1261 1701 1374 1747 Jesus
1379 1701 1386 1747 ,
1404 1701 1503 1747 shall
1518 1701 1566 1747 be
1581 1701 1661 1747 still
1674 1701 1738 1747 my
1753 1701 1883 1747 theme
1885 1701 1895 1747 ,

1226 1748 1358 1794 While
1377 1751 1416 1795 in
1437 1752 1503 1796 the
1524 1753 1643 1798 world
1664 1755 1684 1798 I
1703 1756 1789 1800 stay
1804 1758 1815 1801 ;

1171 1804 1239 1851 I'll
1255 1804 1343 1852 sing
1360 1805 1425 1853 my
1443 1806 1558 1853 Jesus
1563 1807 1573 1853 '
1591 1807 1723 1855 lovely
1745 1809 1857 1856 name
1858 1810 1867 1856 ,

1224 1857 1355 1904 When
1374 1859 1429 1905 all
1447 1860 1577 1907 things
1596 1862 1678 1908 else
1693 1863 1816 1910 decay
1817 1865 1828 1909 .

1118 1924 1145 1973 4
1175 1924 1303 1973 When
1324 1924 1341 1973 I
1362 1924 1507 1973 appear
1526 1924 1564 1973 in
1585 1924 1733 1973 yonder
1753 1924 1863 1973 cloud
1867 1924 1878 1973 ,

1228 1974 1339 2016 With
1358 1976 1414 2018 all
1430 1977 1497 2018 the
1517 1978 1675 2020 favored
1695 1980 1839 2023 throng
1841 1982 1850 2022 ,

1175 2028 1286 2073 Then
1333 2030 1415 2075 will
1450 2032 1473 2075 I
1509 2033 1596 2077 sing
1632 2034 1739 2079 more
1759 2036 1879 2081 sweet
1882 2038 1891 2081 ,

1333 2088 1440 2124 more
1455 2088 1547 2124 loud
1549 2088 1561 2124 ,

1225 2127 1321 2174 And
1340 2130 1475 2178 Christ
1490 2134 1592 2182 shall
1610 2137 1657 2182 be
1675 2139 1741 2185 my
1759 2141 1858 2187 song
1858 2144 1866 2188 .

1449 2189 1539 2216 JOHN
1555 2189 1705 2217 CENNICK
1707 2190 1714 2217 ,
1730 2190 1792 2217 1745
1792 2190 1798 2217 ,
1812 2190 1829 2217 a
1830 2190 1837 2217 .

1157 2234 1266 2281 No.
1290 2234 1412 2281 192
1419 2234 1431 2281 .

1467 2298 1498 2321 C.
1514 2298 1554 2321 M.

1123 2326 1146 2372 1
1176 2326 1266 2373 God
1285 2326 1415 2374 moves
1436 2327 1474 2374 in
1496 2328 1518 2374 a
1537 2328 1767 2375 mysterious
1797 2330 1881 2377 way
1886 2330 1896 2376 ,

1230 2376 1305 2421 His
1324 2378 1500 2425 wonders
1520 2381 1560 2426 to
1578 2382 1749 2429 perform
1761 2385 1775 2428 :

1089 2910 1159 2939 160

1176 2438 1240 2482 He
1254 2438 1383 2482 plants
1398 2438 1471 2482 His
1482 2438 1671 2482 footsteps
1687 2438 1726 2482 in
1740 2438 1806 2482 the
1819 2438 1886 2482 sea
1888 2438 1899 2482 ,

1230 2491 1323 2536 And
1338 2491 1437 2536 rides
1457 2491 1561 2536 upon
1580 2491 1649 2536 the
1667 2491 1785 2536 storm
1789 2491 1800 2536 .

1122 2545 1148 2590 2
1176 2545 1239 2591 Ye
1265 2547 1411 2594 fearful
1437 2550 1554 2597 saints
1560 2552 1567 2597 ,
1597 2552 1703 2600 fresh
1735 2555 1899 2603 courage

1335 2611 1427 2644 take
1442 2611 1453 2644 ;

1231 2663 1317 2707 The
1337 2663 1469 2707 clouds
1484 2663 1534 2707 ye
1553 2663 1596 2707 so
1617 2663 1729 2707 much
1749 2663 1865 2707 dread

1181 2714 1262 2761 Are
1281 2714 1349 2761 big
1375 2714 1469 2761 with
1508 2714 1639 2761 mercy
1641 2714 1650 2761 ,
1690 2714 1764 2761 and
1804 2714 1900 2761 shall

1336 2768 1458 2803 break

1234 2821 1345 2865 With
1365 2821 1536 2867 blessing
1554 2822 1602 2866 on
1624 2822 1721 2866 your
1740 2823 1839 2867 head
1842 2823 1850 2867 .

2063 363 2089 397 3
