2059 3249
258 369 359 483 be

219 1451 404 1563 22

220 2155 315 2247 9
259 2161 348 2252 :
307 2168 394 2259 2

537 224 776 304 Seeking
810 223 913 300 the
948 220 1082 299 Lost
1083 221 1101 297 .
1166 216 1478 296 Concluded
1482 216 1500 292 .

520 614 708 657 Bringing
740 612 805 655 the
823 612 901 654 wan
954 611 1051 653 d'rer
1075 610 1171 653 back
1189 610 1212 651 a
1232 610 1248 651 -
1271 617 1360 657 gain
1365 617 1374 654 ,
1389 614 1487 654 back
1552 623 1574 659 a
1586 622 1601 658 -
1616 620 1707 658 gain

1272 664 1362 703 gain
1369 664 1403 703 ..

951 659 1052 690 d'rer
1075 660 1170 691 back
1191 661 1213 690 a

1320 748 1616 902 BE

455 671 533 690 wan

444 1113 507 1154 2
499 1113 536 1154 .

720 1268 807 1299 Into
825 1267 891 1298 the
909 1267 989 1297 fold

458 1313 544 1343 Into
562 1313 629 1342 the
646 1312 725 1341 fold
737 1312 746 1341 .

597 2050 626 2056 ..

1012 1100 1091 1160 *
1058 1108 1112 1164 .

1234 680 1245 684 -

936 1315 950 1353 .
951 1313 998 1352 of
1009 1310 1075 1350 my
1089 1305 1259 1348 Redeem

207 2547 226 2588 1
251 2547 376 2588 Sweet
391 2547 492 2588 hour
503 2547 546 2588 of
553 2547 688 2588 prayer
692 2547 698 2588 ,
713 2547 829 2588 sweet
841 2547 941 2588 hour
950 2547 993 2588 of

1245 1269 1290 1307 of
1301 1268 1365 1306 my
1390 1266 1601 1306 Redeemer
1604 1266 1614 1303 ,

337 2614 476 2641 prayer
477 2614 486 2641 ,

252 2655 351 2689 That
366 2655 459 2689 calls
476 2655 537 2689 me
556 2655 652 2689 from
674 2655 694 2689 a
712 2655 827 2689 world
848 2655 894 2689 of
905 2655 989 2689 care
991 2655 1002 2689 ,

249 2711 336 2752 And
354 2711 438 2752 bids
458 2711 518 2752 me
537 2711 574 2752 at
594 2711 655 2752 my
674 2711 846 2752 Father's
866 2711 1004 2752 throne
1008 2711 1014 2752 ,

250 2767 364 2809 Make
377 2767 429 2809 all
441 2767 505 2809 my
519 2767 638 2809 wants
656 2767 730 2809 and
744 2767 882 2809 wishes
897 2767 1004 2809 known
1009 2767 1014 2809 .

248 2820 294 2862 In
313 2820 469 2862 seasons
489 2820 534 2862 of
547 2820 707 2862 distress
727 2820 800 2862 and
819 2820 924 2862 grief
919 2820 929 2862 ,

249 2877 315 2917 My
332 2877 417 2916 soul
436 2877 503 2916 has
523 2876 626 2916 often
649 2876 769 2915 found
789 2875 901 2915 relief
899 2875 908 2914 ,

248 2929 337 2971 And
349 2929 407 2971 oft
421 2929 584 2973 escaped
598 2930 663 2973 the
678 2930 871 2974 tempter's
894 2932 1004 2975 snare
1009 2932 1015 2974 ,

249 2991 304 3032 By
318 2991 385 3032 thy
398 2991 532 3032 return
537 2991 544 3032 ,
559 2991 676 3032 sweet
689 2991 788 3032 hour
800 2991 844 3032 of
855 2991 992 3032 prayer
993 2991 1003 3032 .

1331 1332 1343 1335 1

1415 1319 1455 1356 er
1457 1320 1466 1355 ,
1472 1316 1599 1355 ......
1598 1314 1708 1352 Jesus
1711 1314 1721 1349 ,
1730 1313 1800 1349 the

512 1979 668 2017 Jesus
673 1979 680 2017 ,
699 1979 765 2017 the
783 1979 904 2017 Lamb
929 1979 988 2017 for
1021 1979 1081 2017 sin
1099 1979 1112 2017 -
1129 1979 1217 2017 ners
1236 1979 1332 2017 slain
1338 1979 1344 2017 ,
1363 1979 1424 2017 for
1441 1979 1502 2017 sin
1519 1979 1531 2017 -
1552 1979 1638 2017 ners
1658 1979 1754 2017 slain
1759 1979 1769 2017 .

436 2025 554 2060 Lamb
559 2027 569 2060 ,
575 2027 610 2060 ..

864 2025 919 2056 ...
923 2025 983 2056 for
1016 2025 1076 2056 sin
1095 2025 1109 2056 -
1126 2025 1214 2056 ners
1233 2025 1329 2056 slain
1340 2025 1398 2056 ...

1265 1377 1368 1449 N
1394 1383 1504 1447 dd

504 2417 605 2488 No.
637 2419 733 2489 50.
803 2421 989 2493 Sweet
1027 2424 1182 2496 Hour
1214 2427 1275 2497 of
1301 2428 1519 2501 Prayer
1519 2431 1532 2500 .

1690 1411 1702 1421 8

1020 2547 1040 2588 2
1067 2547 1191 2588 Sweet
1209 2547 1306 2588 hour
1324 2547 1368 2588 of
1379 2547 1516 2588 prayer
1519 2547 1526 2588 ,
1545 2547 1662 2588 sweet
1677 2547 1777 2588 hour
1792 2547 1838 2588 of

1149 2612 1283 2640 prayer
1286 2613 1294 2639 ,

1064 2656 1147 2698 Thy
1164 2656 1285 2698 wings
1305 2656 1404 2698 shall
1423 2656 1484 2698 my
1502 2656 1667 2698 petition
1688 2656 1781 2698 bear

1064 2711 1118 2752 To
1133 2711 1210 2752 him
1226 2711 1357 2752 whose
1367 2711 1476 2752 truth
1489 2711 1563 2752 and
1581 2711 1831 2752 faithfulness

1063 2767 1223 2809 Engage
1240 2767 1307 2809 the
1325 2767 1485 2809 waiting
1501 2767 1587 2809 soul
1605 2767 1645 2809 to
1663 2767 1767 2809 bless
1776 2767 1786 2809 ;

1063 2819 1151 2855 And
1168 2819 1276 2856 since
1293 2820 1340 2855 he
1360 2821 1445 2857 bids
1466 2821 1523 2857 me
1544 2822 1635 2858 seek
1650 2823 1710 2858 his
1724 2823 1803 2860 face
1807 2824 1816 2859 ,

1064 2869 1215 2912 Believe
1229 2872 1290 2913 his
1302 2873 1408 2915 word
1412 2875 1420 2914 ,
1433 2876 1507 2916 and
1519 2877 1623 2919 trust
1632 2879 1694 2919 his
1706 2880 1819 2922 grace
1819 2882 1830 2921 ,

1062 2933 1121 2975 I'll
1138 2933 1216 2975 cast
1235 2934 1281 2976 on
1302 2934 1382 2976 him
1403 2934 1466 2977 my
1483 2935 1596 2978 every
1613 2936 1700 2978 care
1700 2936 1710 2978 ,

1063 2984 1149 3026 And
1167 2985 1256 3027 wait
1270 2987 1332 3028 for
1350 2987 1438 3029 thee
1444 2989 1451 3029 ,
1467 2988 1582 3030 sweet
1595 2990 1665 3032 hour
1676 2991 1708 3031 of
1716 2991 1820 3033 prayer
1823 2993 1833 3033 .
