2106 3270
0 543 17 563 e

0 588 19 607 1

0 632 17 651 e

0 677 18 698 V

0 1759 21 1790 11

0 2310 20 2339 s
13 2311 25 2339 ,

200 218 311 272 No.
348 218 445 272 96.
518 218 698 272 We'll
736 218 811 272 Be
851 218 1144 272 Gathered
1187 218 1366 272 Home
1374 218 1388 272 .

260 319 372 348 Words
387 319 430 348 by
447 319 646 348 ELIZABETH
662 319 773 348 MILLS
776 319 785 348 .

291 390 334 426 4

289 435 333 472 4

217 818 325 853 964

143 993 260 1099 be

291 530 321 569 1.
346 530 472 569 Sweet
484 530 576 569 land
594 531 636 570 of
645 531 723 570 rest
727 531 733 570 ,
751 531 810 570 for
825 532 912 571 thee
931 532 946 571 I
966 532 1052 571 sigh
1056 532 1062 571 ,
1083 533 1204 572 When
1224 533 1299 572 will
1310 533 1376 573 the
1394 533 1568 574 moment
1586 534 1693 574 come
1697 535 1705 574 ,

287 578 319 620 2.
343 578 404 620 No
449 578 618 620 tranquil
633 578 717 620 joys
738 578 784 620 on
805 578 913 620 earth
928 578 943 620 I
963 578 1076 620 know
1079 578 1086 620 ,
1107 578 1165 620 No
1183 578 1354 620 peaceful
1383 578 1586 620 shelt'ring
1603 578 1716 620 dome
1719 578 1728 620 ,

288 619 320 659 3.
347 619 400 659 To
442 619 599 660 Jesus
620 620 747 660 Christ
765 620 781 660 I
815 620 888 661 fled
906 621 964 661 for
983 621 1061 661 rest
1064 621 1070 661 ,
1092 621 1151 662 He
1170 622 1264 662 bade
1282 622 1342 662 me
1362 622 1468 663 cease
1482 623 1524 663 to

1593 635 1695 660 roam
1702 635 1711 660 ,

285 666 320 709 4.
342 666 362 709 I
408 666 553 709 sought
569 666 607 709 at
624 666 718 709 once
735 666 799 709 my
817 666 1006 709 Saviour's
1026 666 1108 709 side
1112 666 1119 709 ,
1137 666 1196 709 No
1215 666 1322 709 more
1338 666 1402 709 my
1416 666 1519 709 steps
1535 666 1633 709 shall
1644 666 1748 709 roam
1762 666 1772 709 ;

143 2846 197 2899 9
187 2846 222 2899 :
225 2846 266 2899 b

211 2894 239 2923 b

1517 971 1718 1105 E

288 1143 410 1173 When
472 1141 492 1184 I
536 1141 635 1184 shall
671 1141 734 1184 lay
781 1141 844 1184 my

288 1184 382 1226 This
412 1184 570 1226 world's
589 1184 612 1226 a

286 1231 372 1263 And

893 1141 971 1184 arm
976 1141 988 1184 -
990 1141 1031 1184 or
1071 1141 1119 1184 by
1138 1141 1222 1184 And
1241 1141 1350 1184 dwell
1368 1141 1405 1184 in
1422 1141 1535 1184 peace
1547 1141 1585 1184 at
1601 1141 1716 1184 home
1724 1141 1742 1184 ?

664 1184 726 1226 wil
743 1184 758 1226 -
774 1184 865 1226 der-
880 1184 967 1226 ness
985 1184 1029 1226 of
1049 1184 1129 1226 woe
1134 1184 1141 1226 ,
1159 1184 1251 1226 This
1271 1184 1387 1226 world
1405 1184 1435 1226 is
1456 1184 1523 1226 not
1542 1184 1605 1226 my
1620 1184 1735 1226 home
1738 1184 1748 1226 .

425 1231 510 1263 lean
557 1232 620 1264 for

892 1230 942 1262 on
961 1230 1021 1262 his
1038 1230 1166 1262 breast
1185 1230 1258 1262 Till
1275 1230 1321 1262 he
1339 1230 1523 1262 conducts
1543 1230 1602 1262 me
1620 1230 1735 1262 home
1738 1230 1746 1262 .

286 1271 393 1312 With
411 1271 487 1312 him
510 1271 578 1313 I'll
591 1272 703 1313 brave
722 1272 864 1315 death's
885 1272 1044 1315 chilling
1057 1274 1134 1315 tide
1138 1274 1144 1315 ,
1161 1274 1245 1315 And
1258 1274 1368 1316 reach
1381 1275 1444 1316 my
1457 1275 1630 1318 heav'nly
1643 1276 1758 1317 home
1759 1276 1769 1317 .

681 1242 747 1262 suc
761 1242 777 1261 -
795 1242 837 1261 or

287 1549 456 1577 CHORUS
460 1552 468 1577 .

209 2375 286 2411 bb

331 1005 426 1093 J

1088 321 1198 350 Music
1212 321 1255 350 by
1271 321 1361 350 CHAS
1366 321 1371 350 .
1388 321 1471 350 EDW
1477 321 1483 350 .
1501 321 1657 350 POLLOCK
1663 321 1672 350 .

287 1777 355 1803 We
414 1774 492 1803 will
522 1774 627 1803 work
665 1774 729 1803 till
788 1772 855 1808 the
871 1773 951 1809 com
965 1774 979 1808 -
990 1775 1058 1810 ing
1112 1775 1159 1802 of
1213 1773 1282 1810 the
1329 1773 1533 1810 Saviour
1536 1773 1544 1810 ,
1563 1773 1629 1810 We
1646 1773 1723 1810 will

283 2226 386 2256 work
464 2225 528 2253 till
594 2220 664 2260 the
707 2222 791 2262 com
810 2224 825 2262 -
845 2224 918 2264 ing
1004 2228 1049 2254 of
1129 2226 1196 2254 the
1287 2227 1503 2262 Saviour
1505 2227 1515 2262 ,
1537 2227 1604 2262 We
1621 2227 1699 2262 will

1543 2317 1655 2415 E

249 2967 294 2998 By
315 2967 516 2998 permission
521 2967 530 2998 .

1603 2797 1701 2921 1
1603 2797 1703 2922 |
1625 2805 1737 2936 2
1689 2831 1786 2955 ||

282 2727 385 2771 work
403 2727 465 2770 till
479 2727 545 2771 the
563 2727 716 2772 coming
749 2729 792 2772 of
834 2729 899 2773 the
934 2729 1132 2774 Saviour
1150 2731 1235 2774 And
1253 2731 1344 2775 then
1377 2732 1424 2775 be
1440 2732 1624 2777 gathered
1636 2733 1749 2778 home
1754 2734 1762 2777 .
