2263 3344
249 278 353 334 No.
373 278 440 334 91

337 404 558 435 JOSEPHINE
575 404 758 435 POLLARD
763 404 772 435 .

241 1972 398 2067 62,2

682 279 962 337 BEYOND
999 279 1137 337 THE
1172 279 1434 337 SUNSET
1441 279 1456 337 .

408 520 451 554 4

406 565 448 599 4

275 2606 403 2744 所

467 461 577 490 DUET
593 461 641 490 OR
658 461 756 490 SEMI
758 461 770 490 -
773 461 926 490 CHORUS
931 461 940 490 .

895 1193 1059 1326 बही

401 1368 530 1409 Where
541 1368 622 1409 gold
625 1368 636 1409 -
639 1368 682 1409 en
713 1368 769 1409 glo
772 1368 783 1409 -
786 1368 854 1409 ries
891 1368 930 1409 ev
941 1368 954 1409 -
967 1368 1002 1409 er
1041 1368 1143 1409 shine
1146 1368 1152 1409 ,
1172 1368 1316 1409 Beyond
1332 1368 1393 1409 the
1405 1368 1558 1409 thought
1571 1368 1609 1409 of
1618 1368 1717 1409 day's
1729 1368 1868 1409 decline
1868 1368 1877 1409 .

375 1424 505 1463 Where
514 1424 634 1463 clouds
645 1424 716 1463 and
725 1424 896 1463 darkness
904 1424 1010 1463 never
1042 1424 1138 1463 come
1143 1424 1149 1463 ,
1167 1424 1229 1463 My
1254 1424 1333 1463 soul
1346 1424 1439 1463 shall
1447 1424 1521 1463 find
1532 1424 1579 1463 its
1587 1424 1758 1463 heavenly
1770 1424 1871 1463 home
1874 1424 1883 1463 .

415 1481 497 1521 And
513 1480 707 1520 morning's
716 1479 834 1519 lovely
843 1478 963 1519 beams
976 1479 998 1518 a
1013 1479 1025 1518 -
1042 1478 1112 1517 rise
1169 1483 1226 1520 Up
1249 1484 1263 1520 -
1287 1484 1332 1521 on
1378 1482 1438 1518 my
1452 1480 1612 1517 mansion
1625 1480 1664 1515 in
1688 1479 1750 1514 the
1762 1477 1855 1513 skies
1856 1478 1866 1512 .

409 1536 491 1566 And
551 1535 598 1577 Je
608 1535 625 1577 -
632 1535 693 1577 sus
704 1535 787 1577 bids
799 1535 861 1577 my
872 1535 951 1577 soul
960 1535 1021 1577 pre
1021 1535 1036 1577 -
1043 1535 1127 1577 pare
1167 1535 1217 1577 To
1274 1535 1357 1577 gain
1397 1535 1417 1577 a
1451 1535 1519 1577 hap
1520 1535 1533 1577 -
1535 1535 1583 1577 py
1599 1535 1766 1577 entrance
1770 1535 1874 1577 there
1871 1535 1881 1577 .

1716 1639 1836 1726 非

409 664 430 704 1
476 664 526 704 Be
537 664 551 704 -
563 664 658 704 yond
682 664 745 704 the
757 664 908 704 sunset's
927 664 1066 704 radiant
1083 664 1174 704 glow
1178 664 1185 704 ,
1192 664 1305 704 There
1311 664 1343 704 is
1400 665 1420 703 a
1435 664 1592 704 brighter
1604 665 1711 704 world
1717 666 1725 704 ,
1730 666 1748 704 I
1760 666 1864 704 know
1871 666 1879 704 ,

409 721 431 761 2
475 721 659 761 Beyond
683 721 747 761 the
760 721 911 761 sunset's
924 721 990 761 pur
991 721 1005 761 -
1007 721 1064 761 ple
1095 721 1160 761 rim
1167 721 1173 761 ,
1207 721 1350 761 Beyond
1363 721 1423 761 the
1438 721 1597 761 twilight
1605 721 1693 761 deep
1702 721 1773 761 and
1787 721 1859 761 dim
1865 721 1874 761 ,

407 770 430 813 3
474 769 656 814 Beyond
674 771 744 814 this
763 771 822 815 des
824 772 836 815 -
840 772 892 815 ert
903 772 992 815 dark
1003 773 1072 816 and
1088 773 1188 817 drear
1190 773 1196 816 ,
1205 774 1279 817 The
1291 774 1371 817 gold
1376 774 1387 817 -
1390 775 1430 818 en
1467 775 1580 819 city
1614 776 1690 819 will
1712 776 1756 819 ap
1759 776 1772 819 -
1772 776 1857 820 pear
1858 777 1866 820 ,

406 832 427 871 4
457 832 569 871 Those
577 832 657 871 gold
671 832 685 871 -
697 832 739 871 en
769 832 901 871 portals
932 832 973 871 ev
987 832 1000 871 -
1012 832 1050 871 er
1091 832 1192 871 shine
1210 832 1353 871 Beyond
1370 832 1431 871 the
1440 832 1541 871 reach
1550 832 1588 871 of
1596 832 1697 871 day's
1710 832 1754 871 de
1752 832 1767 871 -
1770 832 1862 871 cline
1864 832 1872 871 ,

430 1916 537 1947 FULL
553 1916 710 1947 CHORUS
712 1916 722 1947 .

1321 399 1380 436 W.
1397 400 1437 437 O.
1458 401 1635 442 PERKINS
1638 406 1646 442 ,
1665 406 1713 444 by
1731 408 1794 445 per
1792 410 1802 446 .

402 2119 546 2159 Beyond
554 2119 615 2159 the
628 2119 780 2159 sunset's
793 2119 935 2159 radiant
948 2119 1037 2159 glow
1040 2119 1050 2159 ,

1249 1977 1377 2065 !!

1215 2117 1328 2154 There
1350 2117 1381 2154 is
1406 2117 1424 2154 a
1439 2117 1595 2156 brighter
1607 2118 1714 2155 world
1729 2119 1746 2156 I
1758 2119 1866 2156 know
1873 2119 1883 2156 ;

1013 2173 1157 2212 radiant
1166 2177 1257 2214 glow
1260 2179 1270 2214 ,

1766 2268 1891 2371 自

1010 3037 1093 3065 109

1688 2565 1810 2607 Repeat
1822 2569 1867 2608 pp
1869 2571 1876 2608 .

422 2771 604 2814 Beyond
628 2771 690 2812 the
705 2771 771 2812 sun
776 2771 787 2812 -
789 2770 840 2812 set
845 2770 851 2811 ,
894 2770 911 2811 I
936 2770 1017 2811 may
1032 2768 1140 2810 spend
1163 2769 1213 2810 De
1217 2769 1229 2810 -
1230 2768 1322 2809 light
1325 2768 1335 2809 -
1341 2768 1394 2809 ful
1403 2767 1490 2809 days
1500 2767 1580 2808 that
1589 2765 1696 2808 never
1731 2766 1799 2807 end
1801 2766 1810 2807 .
