2841 2236
813 178 951 240 The
993 177 1255 239 Angels
1260 177 1278 237 '
1320 176 1524 238 Story
1534 176 1546 236 .
1614 173 1999 236 Concluded
2007 174 2026 234 .

2129 294 2279 421 St

2483 307 2558 398 D

954 303 1108 438 원

380 457 476 500 Seek
492 457 584 500 Him
598 457 668 500 not
690 457 710 500 a
713 457 724 500 -
728 457 841 500 mong
856 457 921 500 the
939 457 1034 500 dead
1043 457 1052 500 !
1059 457 1075 500 "
1103 457 1207 500 They
1220 457 1357 500 beheld
1368 457 1434 500 the
1447 457 1533 500 emp
1534 457 1546 500 -
1549 457 1590 500 ty
1630 457 1756 500 prison
1769 457 1775 500 ;
1797 457 1917 500 Death
1932 457 1969 500 in
1985 457 2114 500 chains
2127 457 2201 500 was
2230 457 2377 500 captive
2398 457 2463 500 led
2467 457 2476 500 .

379 500 432 545 Lo
435 500 445 545 ,
492 500 553 545 He
571 500 660 545 goes
681 500 721 545 to
738 500 849 545 dwell
865 500 913 545 on
952 500 1042 545 high
1054 500 1061 545 ;
1087 500 1246 545 Seraphs
1260 500 1367 545 there
1372 500 1379 545 ,
1392 500 1518 545 before
1533 500 1625 545 Him
1638 500 1804 545 bending
1810 500 1815 545 ,
1828 500 1953 545 Chant
1965 500 2034 545 His
2048 500 2187 545 praises
2233 500 2272 545 in
2306 500 2375 545 the
2398 500 2470 545 sky
2472 500 2483 545 .

381 546 465 588 Fair
475 546 489 588 -
499 546 555 588 est
595 546 635 588 of
666 546 732 588 the
750 546 937 588 heavenly
956 546 1052 588 train
1064 546 1071 588 ;
1090 546 1185 588 Ours
1198 546 1263 588 the
1279 546 1343 588 joy
1370 546 1406 588 to
1429 546 1513 588 wait
1543 546 1588 588 be
1592 546 1602 588 -
1605 546 1683 588 fore
1700 546 1802 588 Thee
1807 546 1813 588 ,
1831 546 1900 588 Till
1925 546 1979 588 we
2009 546 2081 588 rise
2102 546 2192 588 with
2211 546 2311 588 Thee
2329 546 2366 588 to
2388 546 2490 588 reign
2496 546 2505 588 .

2483 668 2569 757 D

292 671 384 750 2

277 874 380 920 111

382 939 462 963 Rev.
484 939 513 963 J.
538 939 581 963 H.
602 939 752 963 MARTIN
757 939 765 963 .

355 1399 477 1442 264

438 1054 480 1092 4

802 1013 919 1135 A

325 1156 342 1177 1
343 1155 350 1176 .

420 1151 506 1185 Once
517 1151 566 1185 for
578 1151 621 1185 all
633 1151 687 1185 the
701 1151 833 1185 Saviour
845 1151 917 1185 died
923 1151 928 1185 ,
944 1151 1047 1185 Christ
1061 1151 1114 1185 the
1129 1151 1209 1185 Lord
1222 1151 1285 1185 was
1298 1151 1446 1185 crucified
1458 1151 1465 1185 ;
1480 1151 1564 1185 Once
1577 1151 1625 1185 for
1638 1151 1680 1185 all
1696 1151 1736 1185 he
1749 1151 1824 1185 shed
1840 1151 1888 1185 his
1902 1151 1996 1185 blood
2002 1151 2007 1185 ,
2024 1151 2155 1185 Bearing
2171 1151 2254 1185 forth
2268 1151 2287 1185 a
2302 1151 2416 1185 purple
2435 1151 2520 1185 flood
2522 1151 2531 1185 .

324 1186 352 1221 2.
370 1186 455 1221 Once
469 1186 517 1221 for
532 1186 576 1221 all
587 1186 647 1221 our
660 1186 724 1221 sins
738 1186 777 1221 he
792 1186 865 1221 bore
868 1186 873 1221 ,
891 1186 1018 1221 Bought
1030 1186 1091 1221 our
1102 1186 1195 1221 peace
1208 1186 1253 1221 for
1264 1186 1424 1221 evermore
1433 1186 1441 1221 ;
1456 1186 1541 1221 Once
1550 1186 1598 1221 for
1607 1186 1649 1221 all
1661 1186 1720 1221 our
1729 1186 1803 1221 debt
1814 1186 1852 1221 he
1864 1186 1937 1221 paid
1942 1186 1948 1221 ,
1964 1186 2037 1221 Full
2041 1186 2047 1221 ,
2060 1186 2216 1221 complete
2228 1186 2414 1221 atonement
2428 1186 2522 1221 made
2525 1186 2531 1221 .

325 1216 353 1251 3.
372 1216 455 1251 Once
468 1216 515 1251 for
528 1216 570 1251 all
582 1216 636 1251 the
650 1216 781 1251 Saviour
794 1216 860 1251 rose
865 1216 870 1251 ,
885 1216 988 1251 Victor
1001 1216 1066 1251 o'er
1080 1216 1129 1251 his
1141 1216 1263 1251 mighty
1278 1216 1342 1251 foes
1351 1216 1357 1251 ;
1372 1216 1455 1251 With
1469 1216 1523 1251 the
1536 1216 1676 1251 glorious
1692 1216 1775 1251 King
1789 1216 1851 1251 and
1867 1216 1953 1251 Head
1958 1216 1963 1251 ,
1976 1216 2079 1251 Saints
2092 1216 2175 1251 shall
2187 1216 2297 1251 waken
2311 1216 2389 1251 from
2407 1216 2461 1251 the
2472 1216 2553 1251 dead
2557 1216 2563 1251 .

323 1248 352 1284 4.
370 1248 456 1284 Once
466 1248 516 1284 for
527 1248 571 1284 all
584 1248 754 1284 ascending
775 1248 852 1284 high
858 1248 864 1284 ,
893 1248 1032 1284 Thron'd
1047 1248 1110 1284 and
1125 1248 1262 1284 crown'd
1278 1248 1375 1284 above
1389 1248 1443 1284 the
1456 1248 1511 1284 sky
1516 1248 1522 1284 ,
1541 1248 1642 1284 There
1658 1248 1700 1284 he
1711 1248 1886 1284 intercedes
1900 1248 1963 1284 and
1977 1248 2079 1284 reigns
2084 1248 2110 1284 -
2117 1248 2219 1284 Praise
2235 1248 2302 1284 him
2317 1248 2348 1284 in
2364 1248 2568 1284 triumphant

2370 1284 2484 1313 strains
2488 1284 2496 1310 .

2089 1320 2106 1341 3

1776 1342 1907 1473 B

355 1898 431 1938 bb²

367 2013 391 2038 8

808 873 993 924 Once
1034 873 1141 924 for
1187 873 1293 924 All
1338 873 1459 924 the
1505 873 1801 924 Saviour
1845 873 2010 924 Died
2017 873 2031 924 .

488 1446 587 1495 LE

468 1511 687 1537 REFRAIN
693 1511 706 1537 .

2033 1536 2051 1556 3

1403 1977 1468 2000 113

2100 973 2119 995 3

391 1735 414 1770 O
418 1735 427 1770 ,
441 1735 563 1770 believe
576 1735 642 1770 him
658 1735 721 1770 and
736 1735 773 1770 be
787 1735 867 1770 blest
875 1735 883 1770 !
900 1735 924 1770 O
925 1735 931 1770 ,
947 1735 1068 1770 receive
1081 1735 1147 1770 him
1162 1735 1225 1770 and
1240 1735 1305 1770 find
1320 1735 1380 1770 rest
1388 1735 1395 1770 !
1413 1735 1464 1770 All
1473 1735 1553 1770 your
1563 1735 1627 1770 sins
1640 1735 1724 1770 shall
1734 1735 1770 1770 be
1782 1735 1922 1770 forgiven
1927 1735 1933 1770 ,
1947 1735 2018 1770 You
2030 1735 2112 1770 shall
2122 1735 2207 1770 reign
2220 1735 2295 1770 with
2309 1735 2375 1770 him
2388 1735 2421 1770 in
2432 1735 2553 1770 heaven
2558 1735 2566 1770 .

763 1807 939 1964 華

1327 1817 1430 1934 T

386 1970 556 2002 Copyright
562 1970 568 2000 ,
586 1970 642 2000 1881
647 1970 653 2000 ,
666 1970 703 2000 by
721 1969 753 1999 T.
768 1969 797 1999 C.
812 1967 952 1999 O'KANE
955 1968 963 1998 .

2227 939 2262 964 T.
2281 939 2316 964 C.
2335 939 2486 964 O'KANE
2490 939 2498 964 .

2033 1817 2053 1838 3

2501 1852 2564 1937 D
