2262 3289
358 564 431 625 9
394 564 447 625 :

360 2339 427 2394 9

471 461 619 504 tribute
631 461 669 504 to
686 461 764 504 him
781 461 895 504 bring
898 461 904 504 ,
918 461 1006 504 And
1020 461 1080 504 his
1093 461 1218 504 joyful
1231 461 1375 504 praises
1391 461 1478 504 sing
1482 461 1488 504 ,
1510 461 1588 504 The
1607 461 1708 504 Lord
1738 461 1773 504 is
1819 461 1924 504 King
1926 461 1937 504 .

595 180 789 257 Praise
825 180 956 257 Him
999 180 1176 257 With
1213 180 1320 257 Joy
1328 180 1341 257 .
1415 180 1723 257 Concluded
1725 180 1739 257 .

437 777 534 836 No.
563 777 633 835 66
636 777 649 834 .

436 876 531 899 FRED
547 876 725 899 WOODROW
731 876 738 899 .

441 945 494 978 79

460 992 496 1028 8

458 1351 502 1387 8

455 1088 488 1133 1.
512 1088 549 1133 It
594 1088 626 1133 is

674 1088 830 1133 coming
841 1088 851 1133 !
890 1088 920 1133 it
968 1088 999 1133 is

455 1133 489 1174 2.
511 1133 550 1174 It
593 1133 627 1174 is
673 1133 829 1174 coming
842 1133 849 1174 !
890 1133 920 1174 it
966 1133 998 1174 is

456 1177 488 1220 3.
510 1177 549 1220 It
593 1177 627 1220 is
673 1177 828 1220 coming
841 1177 849 1220 !
888 1177 919 1220 it
964 1177 997 1220 is

856 767 1012 846 That
1048 770 1173 848 Day
1207 772 1258 850 is
1297 773 1530 852 Coming
1532 777 1547 853 .

427 1649 550 1691 When
566 1649 634 1691 the
650 1649 835 1691 kingdom
856 1649 899 1691 of
911 1649 977 1691 the
997 1649 1158 1691 Saviour
1175 1649 1264 1691 Will
1279 1649 1317 1691 at
1332 1649 1408 1691 last

425 1693 513 1736 And
552 1693 619 1736 the
636 1693 707 1736 day
723 1693 766 1736 of
774 1693 983 1736 judgment
1000 1693 1128 1736 follow
1166 1693 1210 1736 In
1237 1693 1301 1736 the
1326 1693 1434 1736 wake

426 1738 534 1780 Hear
554 1738 602 1780 ye
619 1738 688 1780 not
702 1738 771 1780 the
788 1738 961 1780 Master's
980 1738 1169 1780 footsteps
1189 1738 1354 1780 Coming
1367 1738 1410 1780 in

490 1830 680 1968 HA

476 2029 664 2053 CHORUS
669 2030 680 2052 .

1041 1088 1197 1133 coming
1207 1088 1218 1133 !
1232 1088 1318 1133 And
1336 1088 1402 1133 the
1420 1088 1491 1133 day
1517 1088 1548 1133 is
1589 1088 1763 1133 drawing
1786 1088 1879 1133 near
1880 1088 1890 1133 ,

1041 1133 1196 1174 coming
1208 1133 1217 1174 !
1234 1133 1318 1174 And
1336 1133 1404 1174 the
1421 1133 1529 1174 truth
1547 1133 1589 1174 of
1605 1133 1689 1174 God
1707 1133 1806 1174 shall
1823 1133 1896 1174 win
1902 1133 1911 1174 ,

1037 1177 1193 1220 coming
1204 1177 1214 1220 !
1231 1177 1289 1220 Oh
1294 1177 1301 1220 ,
1318 1177 1364 1220 ye
1408 1177 1530 1220 weary
1533 1177 1539 1220 ,
1553 1177 1674 1220 watch
1690 1177 1765 1220 and
1783 1177 1870 1220 wait
1880 1177 1891 1220 !

500 2672 557 2711 On
562 2672 574 2711 -
575 2672 612 2711 ly
631 2672 727 2711 heed
746 2673 811 2712 the
829 2673 978 2713 blessed
1000 2673 1143 2714 Master
1148 2674 1153 2713 ,
1173 2675 1298 2715 Never
1322 2675 1431 2715 cease

1573 876 1661 901 CHAS
1667 876 1673 901 .
1690 876 1728 901 H.
1745 876 1897 901 GABRIEL
1902 876 1908 901 .

498 2213 540 2256 It
580 2213 614 2256 is
654 2213 812 2256 coming
820 2213 829 2256 !
862 2213 892 2256 it
939 2213 971 2256 is
1011 2213 1169 2256 coming
1180 2213 1190 2256 !
1215 2213 1378 2256 Coming
1397 2213 1530 2256 nearer
1571 2213 1716 2256 ev'ry
1760 2213 1835 2256 day
1833 2213 1845 2256 ,

434 2920 618 2951 Copyright
622 2920 628 2949 ,
644 2920 705 2949 1891
712 2920 717 2949 ,
735 2920 775 2949 by
794 2918 952 2949 Fillmore
967 2917 1056 2947 Bros.

1159 2922 1191 2943 71

1484 1647 1532 1686 on
1550 1649 1660 1691 earth
1678 1654 1724 1693 ap
1725 1656 1740 1694 -
1740 1657 1833 1698 pear
1836 1661 1844 1698 .

1472 1693 1516 1736 of
1529 1693 1664 1736 wrong
1678 1693 1756 1736 and
1772 1693 1832 1736 sin
1834 1693 1845 1736 .

1484 1738 1554 1774 the
1578 1739 1722 1777 open
1746 1743 1835 1780 gate
1834 1746 1844 1780 .

1473 2669 1515 2710 to
1529 2671 1652 2715 watch
1663 2675 1742 2717 and
1752 2678 1845 2720 pray
1846 2681 1855 2720 .
