3144 3247
469 372 635 408 DUKE
680 373 911 409 STREET
920 374 928 408 .
979 375 1028 409 L.
1048 375 1112 409 M.

915 427 1022 580 9

833 418 948 532 A

378 808 426 856 9
429 806 451 854 :
463 801 675 854 6280

469 808 498 847 b

443 847 562 897 662

1242 322 1362 354 THE
1397 322 1623 356 PRAISE
1660 323 1730 355 OF
1762 323 1958 357 FAITH
1956 324 1968 356 .

448 654 462 696 '
463 654 528 696 Tis
538 654 575 696 by
585 654 637 696 the
645 654 725 696 faith
734 654 768 696 of
777 654 843 696 joys
856 654 887 696 to
899 654 981 696 come
985 654 992 696 ,
999 654 1061 696 We
1072 654 1145 696 walk
1153 654 1222 696 thro
1226 654 1234 696 '
1243 654 1356 696 deserts
1369 654 1441 696 dark
1449 654 1482 696 as
1495 654 1578 696 night
1590 654 1597 696 ;
1604 654 1670 696 Till
1679 654 1718 696 we
1729 654 1826 696 arrive
1835 654 1867 696 at
1876 654 1979 696 heav'n
1983 654 1990 696 ,
1994 654 2049 696 our
2058 654 2142 696 home
2147 654 2153 696 ,
2162 654 2255 696 Faith
2265 654 2291 696 is
2302 654 2357 696 our
2366 654 2452 696 guide
2456 654 2462 696 ,
2468 654 2524 696 and
2534 654 2612 696 faith
2626 654 2680 696 our
2689 654 2766 696 light
2770 654 2776 696 .

1707 726 1823 823 2₂

368 952 520 1020 169

423 1069 446 1117 1
473 1069 491 1117 '
489 1069 562 1118 Tis
582 1071 633 1120 by
651 1071 719 1121 the
736 1072 837 1122 faith
858 1074 900 1123 of
919 1074 1004 1124 joys
1026 1076 1067 1125 to
1086 1076 1194 1126 come
1195 1078 1206 1126 ,

533 1124 611 1172 We
629 1125 729 1173 walk
749 1126 916 1175 through
940 1128 1085 1176 deserts
1107 1130 1205 1177 dark
1226 1131 1267 1178 as
1283 1132 1394 1179 night
1401 1133 1412 1179 ;

479 1181 554 1224 Till
573 1182 629 1225 we
649 1183 772 1226 arrive
791 1185 833 1226 at
854 1185 998 1228 heaven
1003 1187 1009 1228 ,
1034 1187 1102 1229 our
1125 1188 1234 1230 home
1239 1189 1246 1230 ,

536 1236 654 1283 Faith
672 1237 701 1283 is
724 1238 791 1283 our
810 1238 924 1285 guide
930 1239 937 1284 ,
959 1240 1034 1286 and
1055 1240 1152 1287 faith
1176 1241 1244 1286 our
1263 1241 1362 1288 light
1365 1242 1375 1287 .

865 994 925 1020 Heb
930 996 936 1020 .
951 996 982 1021 11
990 997 997 1021 :
1017 997 1032 1021 8
1035 998 1041 1022 .

424 1359 448 1405 2
479 1359 559 1406 The
580 1360 684 1407 want
702 1361 747 1407 of
772 1361 872 1409 sight
896 1363 960 1410 she
982 1363 1066 1411 well
1085 1365 1252 1413 supplies
1261 1366 1272 1412 ;

533 1408 615 1458 She
632 1411 766 1461 makes
786 1415 856 1464 the
873 1417 1004 1467 pearly
1024 1421 1134 1471 gates
1157 1424 1300 1475 appear
1306 1428 1316 1475 ;

481 1469 559 1517 Far
577 1470 659 1518 into
679 1471 824 1519 distant
845 1473 979 1521 worlds
1002 1475 1067 1522 she
1087 1475 1185 1523 pries
1189 1477 1200 1523 ,

535 1525 630 1571 And
644 1526 773 1573 brings
793 1528 938 1575 eternal
958 1530 1096 1577 glories
1116 1532 1208 1578 near
1210 1534 1219 1578 .

425 1648 451 1692 3
481 1648 660 1693 Cheerful
677 1649 732 1694 we
753 1650 861 1695 tread
883 1651 948 1695 the
970 1651 1097 1697 desert
1117 1652 1284 1698 through
1288 1654 1297 1698 ,

534 1697 664 1750 While
681 1700 781 1752 faith
798 1703 955 1755 inspires
971 1706 994 1755 a
1014 1707 1202 1761 heavenly
1219 1712 1290 1762 ray
1295 1713 1307 1762 ;

479 1762 641 1808 Though
661 1763 754 1807 lions
769 1764 857 1808 roar
862 1764 868 1808 ,
893 1764 966 1808 and
989 1764 1168 1810 tempests
1189 1765 1286 1809 blow
1290 1766 1301 1810 ,

536 1811 628 1861 And
641 1813 752 1864 rocks
773 1815 850 1865 and
868 1816 1032 1868 dangers
1051 1819 1107 1869 fill
1124 1821 1192 1870 the
1210 1822 1296 1871 way
1297 1824 1306 1872 .

1363 999 1391 1022 I.
1404 999 1531 1023 WATTS
1536 999 1542 1022 .

975 1918 1135 1993 171

478 2030 500 2078 1
534 2030 603 2078 My
627 2030 712 2078 God
718 2030 725 2078 ,
748 2030 810 2078 my
835 2030 975 2078 Father
983 2030 989 2078 ,
1008 2030 1116 2078 while
1137 2030 1158 2078 I
1179 2030 1285 2078 stray

533 2078 614 2127 Far
630 2079 729 2128 from
748 2081 811 2129 my
829 2082 941 2130 home
943 2083 949 2130 ,
976 2084 1022 2132 on
1042 2084 1135 2133 life's
1156 2085 1281 2134 rough
1301 2087 1386 2136 way
1388 2089 1399 2136 ,

536 2137 597 2183 Oh
600 2137 609 2182 ,
632 2137 743 2184 teach
764 2138 822 2184 me
846 2139 940 2185 from
962 2140 1022 2186 my
1046 2140 1155 2187 heart
1174 2142 1218 2187 to
1236 2142 1305 2189 say
1307 2143 1318 2188 ,

534 2197 559 2244 "
568 2196 651 2243 Thy
669 2196 743 2243 will
769 2196 814 2243 be
835 2195 932 2242 done
937 2195 944 2242 ,
968 2195 1051 2242 Thy
1073 2194 1149 2242 will
1168 2194 1215 2241 be
1231 2194 1329 2241 done
1336 2194 1349 2241 !
1352 2194 1369 2241 "

476 2314 501 2360 2
533 2314 657 2362 What
677 2315 826 2363 though
844 2317 880 2363 in
902 2317 1025 2365 lonely
1046 2318 1148 2366 grief
1162 2320 1184 2366 I
1204 2320 1287 2367 sigh

531 2365 610 2412 For
628 2366 769 2414 friends
789 2369 949 2416 beloved
971 2372 1020 2418 no
1039 2372 1170 2420 longer
1190 2374 1282 2421 nigh
1288 2376 1300 2421 ;

530 2423 762 2474 Submissive
785 2426 861 2475 still
884 2427 1006 2476 would
1029 2429 1049 2476 I
1069 2430 1174 2478 reply
1178 2431 1188 2478 ,

532 2483 559 2530 "
572 2483 656 2530 Thy
673 2483 749 2530 will
768 2483 815 2530 be
837 2483 933 2530 done
938 2483 945 2530 ,
970 2483 1051 2530 Thy
1074 2483 1148 2530 will
1168 2483 1215 2530 be
1236 2483 1333 2530 done
1340 2483 1354 2530 !
1352 2483 1372 2530 "

475 2601 501 2643 3
530 2601 574 2644 If
596 2602 703 2645 Thou
723 2603 896 2648 shouldst
914 2605 990 2649 call
1009 2607 1067 2650 me
1088 2608 1130 2650 to
1147 2608 1273 2652 resign

530 2659 654 2706 What
674 2660 773 2707 most
795 2661 815 2706 I
835 2661 936 2708 prize
940 2662 949 2707 ,
952 2662 1047 2708 -it
1070 2663 1166 2709 ne'er
1188 2663 1265 2709 was
1286 2664 1382 2710 mine
1391 2664 1399 2709 ;

530 2718 552 2764 I
574 2717 660 2763 only
681 2717 780 2763 yield
802 2716 903 2762 Thee
922 2716 1023 2762 what
1046 2715 1121 2761 was
1144 2715 1263 2761 Thine
1270 2714 1280 2760 :

532 2775 554 2820 "
568 2774 650 2819 Thy
670 2774 748 2819 will
766 2774 812 2819 be
833 2773 929 2818 done
935 2773 941 2818 ,
967 2773 1050 2818 Thy
1073 2772 1147 2817 will
1167 2772 1214 2817 be
1235 2772 1331 2817 done
1337 2771 1350 2816 !
1353 2771 1371 2816 "

1593 954 1752 1025 170

1477 1961 1564 1987 Luke
1576 1963 1605 1987 11
1615 1963 1624 1987 :
1642 1964 1657 1988 2
1660 1964 1667 1988 .

2507 389 2540 414 J.
2554 388 2705 415 HATTON
2710 390 2718 415 .

2093 997 2184 1023 Titus
2198 999 2214 1023 2
2221 1000 2229 1024 :
2249 1000 2280 1024 10
2284 1001 2290 1025 .

1705 1070 1727 1116 1
1760 1070 1813 1117 So
1831 1071 1888 1119 let
1906 1073 1976 1120 our
1993 1074 2065 1122 lips
2085 1076 2161 1123 and
2180 1078 2273 1126 lives
2295 1079 2451 1129 express

1758 1125 1842 1176 The
1859 1127 1951 1178 holy
1966 1128 2103 1180 gospel
2120 1131 2175 1181 we
2194 1132 2339 1184 profess
2347 1135 2358 1184 ;

1762 1187 1813 1228 So
1832 1187 1886 1228 let
1907 1187 1976 1229 our
1997 1188 2116 1230 works
2141 1189 2215 1230 and
2236 1189 2379 1232 virtues
2400 1190 2506 1233 shine
2510 1191 2519 1232 ,

1759 1242 1816 1290 To
1834 1240 1952 1289 prove
1968 1239 2033 1287 the
2053 1237 2226 1286 doctrine
2241 1236 2296 1283 all
2313 1234 2440 1282 divine
2443 1234 2454 1280 .

1705 1364 1730 1409 2
1759 1363 1863 1410 Thus
1883 1364 1982 1411 shall
2001 1365 2053 1411 we
2077 1366 2160 1412 best
2181 1366 2361 1413 proclaim
2384 1367 2530 1414 abroad

1761 1418 1839 1460 The
1861 1418 1998 1461 honors
2019 1419 2061 1461 of
2087 1420 2153 1461 our
2177 1420 2339 1463 Saviour
2357 1422 2445 1464 God
2453 1422 2466 1463 ;

1762 1469 1895 1518 When
1915 1471 1990 1519 His
2009 1473 2199 1522 salvation
2219 1476 2344 1524 reigns
2367 1478 2496 1527 within
2499 1480 2506 1526 ,

1760 1530 1854 1577 And
1871 1529 1986 1576 grace
2006 1529 2168 1576 subdues
2187 1529 2254 1574 the

2007 1528 2169 1580 subdues
2188 1531 2257 1581 the
2275 1532 2404 1583 power
2421 1535 2468 1584 of
2489 1536 2546 1586 sin
2546 1537 2561 1585 .

1704 1648 1730 1694 3
1759 1648 1937 1698 Religion
1958 1652 2069 1701 bears
2090 1655 2159 1702 our
2178 1656 2306 1705 spirits
2325 1659 2376 1706 up
2376 1660 2388 1706 ,

1757 1707 1889 1755 While
1908 1709 1965 1755 we
1983 1709 2120 1756 expect
2140 1710 2204 1756 the
2227 1710 2373 1758 blesséd
2394 1711 2492 1759 hope
2494 1713 2507 1759 ,-

1758 1766 1838 1813 The
1858 1766 1988 1813 bright
2008 1766 2245 1813 appearance
2268 1766 2310 1813 of
2335 1766 2401 1813 the
2424 1766 2528 1813 Lord
2535 1766 2546 1813 :

1760 1819 1853 1862 And
1872 1819 1969 1863 faith
1990 1819 2121 1863 stands
2142 1820 2290 1864 leaning
2315 1822 2361 1864 on
2387 1822 2459 1865 His
2481 1823 2584 1866 word
2588 1824 2597 1866 .

1759 2491 1780 2506 66

2589 999 2619 1025 I.
2634 999 2763 1028 WATTS
2767 1002 2776 1027 .

1900 1961 1933 1990 C.
1954 1960 2111 1991 ELLIOTT
2114 1961 2123 1990 .

1701 2032 1726 2078 4
1757 2032 1800 2078 If
1823 2032 1896 2078 but
1914 2032 1977 2078 my
1995 2032 2157 2078 fainting
2180 2032 2289 2078 heart
2311 2032 2356 2078 be
2378 2032 2478 2078 blest

1755 2084 1871 2133 With
1886 2086 1969 2134 Thy
1988 2086 2105 2135 sweet
2126 2087 2243 2136 Spirit
2265 2089 2322 2136 for
2343 2090 2390 2137 its
2413 2090 2522 2139 guest
2525 2091 2534 2138 ,

1756 2140 1828 2185 My
1852 2140 1940 2186 God
1945 2141 1953 2185 ,
1975 2142 2016 2186 to
2037 2142 2141 2187 Thee
2163 2143 2181 2187 I
2198 2143 2307 2189 leave
2327 2145 2393 2190 the
2412 2145 2490 2191 rest
2497 2146 2508 2190 ;

1794 2198 1877 2246 Thy
1899 2198 1974 2246 will
1993 2198 2040 2246 be
2062 2198 2158 2246 done
2163 2198 2170 2246 ,
2192 2198 2275 2246 Thy
2298 2198 2372 2246 will
2394 2198 2439 2246 be
2459 2198 2557 2246 done
2564 2198 2575 2246 !
2589 2198 2609 2246 "

1700 2317 1724 2362 5
1758 2317 1898 2363 Renew
1922 2318 1984 2365 my
2005 2319 2079 2366 will
2099 2320 2191 2366 from
2215 2321 2290 2367 day
2310 2322 2353 2367 to
2369 2322 2443 2369 day
2451 2323 2463 2368 ;

1755 2367 1879 2416 Blend
1897 2370 1932 2417 it
1951 2370 2042 2419 with
2061 2372 2181 2421 Thine
2185 2375 2192 2421 ,
2216 2375 2292 2423 and
2312 2377 2404 2425 take
2424 2379 2535 2427 away

1756 2424 1955 2472 Whate'er
1971 2427 2054 2473 now
2070 2428 2200 2475 makes
2220 2431 2251 2475 it
2272 2431 2368 2477 hard
2386 2433 2430 2478 to
2449 2434 2517 2479 say
2518 2435 2531 2479 ,

1796 2487 1880 2534 Thy
1900 2487 1976 2534 will
1994 2487 2041 2534 be
2061 2487 2158 2534 done
2163 2487 2169 2534 ,
2192 2487 2274 2534 Thy
2297 2487 2371 2534 will
2390 2487 2436 2534 be
2453 2487 2550 2534 done
2557 2487 2569 2534 !
2578 2487 2598 2534 "

2744 331 2785 358 65

1702 2607 1722 2644 6
1752 2607 1857 2645 Then
1879 2608 1987 2646 when
2010 2609 2054 2646 on
2078 2609 2185 2648 earth
2210 2610 2229 2647 I
2250 2610 2408 2649 breathe
2430 2612 2477 2649 no
2497 2612 2603 2651 more

1756 2667 1835 2713 The
1855 2666 1992 2712 prayer
2012 2666 2069 2711 oft
2087 2664 2212 2711 mixed
2236 2665 2326 2710 with
2348 2663 2449 2709 tears
2468 2662 2597 2709 before
2598 2663 2609 2708 ,

1756 2722 1817 2768 I'll
1836 2722 1918 2768 sing
1921 2722 1930 2768 ,
1952 2722 2053 2768 upon
2074 2722 2097 2768 a
2118 2722 2274 2768 happier
2294 2722 2404 2768 shore
2407 2722 2417 2768 ,

1760 2775 1784 2823 "
1798 2775 1879 2823 Thy
1894 2775 1969 2823 will
1987 2775 2033 2823 be
2054 2775 2152 2823 done
2155 2775 2161 2823 ,
2187 2775 2269 2823 Thy
2290 2775 2366 2823 will
2384 2775 2430 2823 be
2451 2775 2549 2823 done
2550 2775 2560 2823 .
2563 2775 2581 2823 "
