1818 2480
650 352 779 379 SOCIAL
823 353 1001 380 WORSHIP
1006 355 1014 380 .

485 445 570 487 The
584 445 763 487 bleeding
789 445 969 487 Sacrifice

531 485 581 528 In
606 487 675 530 my
697 489 834 534 behalf
852 492 1016 538 appears
1028 497 1038 538 :

439 529 577 577 Before
591 532 661 578 the
675 533 818 580 throne
836 535 904 581 my
930 536 1060 584 surety
1076 539 1212 586 stands
1215 541 1226 586 ,

438 583 507 625 My
524 582 641 624 name
659 582 690 623 is
719 581 868 624 written
891 581 939 622 on
961 581 1021 622 his
1038 579 1161 622 hands
1164 580 1175 621 .

437 660 461 706 2
488 660 580 707 Five
595 660 774 708 bleeding
795 662 955 709 wounds
973 663 1023 710 he
1038 663 1147 711 bears
1152 665 1161 711 ,

533 706 723 750 Received
752 710 802 752 on
822 711 986 755 Calvary
1000 715 1012 755 ;

483 754 592 800 They
608 756 709 801 pour
729 757 911 804 effectual
937 760 1093 807 prayers
1096 762 1105 806 ,

530 802 639 847 They
658 802 831 849 strongly
848 803 959 848 plead
989 803 1046 849 for
1064 804 1127 849 me
1140 804 1160 849 :-

437 844 602 893 Forgive
617 846 701 894 him
705 848 714 894 ,
734 848 785 895 oh
790 849 796 895 ,
825 849 972 898 forgive
986 851 1080 898 they
1095 852 1164 900 cry
1164 853 1175 899 ,

437 894 521 928 Nor
534 894 587 928 let
611 894 695 929 that
716 895 926 930 ransomed
953 896 1083 932 sinner
1099 897 1161 931 die
1166 898 1175 932 .

435 970 458 1014 3
484 970 566 1015 The
584 972 727 1018 Father
746 974 859 1021 hears
877 977 962 1022 him
981 979 1076 1025 pray
1079 981 1090 1025 ,

531 1018 608 1056 His
622 1020 718 1057 dear
743 1022 955 1062 annointed
984 1028 1059 1064 one
1070 1029 1082 1064 ;

484 1070 552 1105 He
567 1071 711 1108 cannot
727 1075 819 1111 turn
834 1077 942 1113 away

482 1117 566 1162 The
580 1115 766 1161 presence
784 1116 828 1159 of
846 1114 907 1158 his
930 1113 1006 1157 Son
1024 1114 1036 1157 :

436 1162 512 1205 His
528 1162 639 1205 spirit
654 1162 820 1205 answers
839 1162 878 1205 to
895 1162 963 1205 the
975 1162 1089 1205 blood
1093 1162 1103 1205 ,

436 1211 527 1244 And
543 1211 630 1244 tells
646 1211 712 1244 me
732 1211 747 1244 I
768 1211 832 1244 am
852 1211 949 1244 born
967 1211 1009 1244 of
1028 1211 1113 1244 God
1117 1211 1126 1244 .

431 1288 456 1329 4
481 1288 548 1329 My
567 1288 650 1331 God
668 1289 699 1330 is
727 1289 944 1333 reconciled
952 1291 961 1332 ,

530 1337 604 1381 His
621 1337 827 1381 pard'ning
845 1337 956 1381 voice
973 1337 990 1381 I
1009 1337 1103 1381 hear
1116 1337 1126 1381 :

484 1386 549 1426 He
574 1386 678 1426 owns
697 1386 763 1426 me
786 1386 846 1426 for
873 1386 946 1426 His
964 1386 1065 1426 child
1068 1386 1078 1426 ,

529 1432 548 1472 I
569 1432 640 1472 can
661 1432 712 1472 no
729 1432 865 1472 longer
881 1432 962 1472 fear
974 1432 983 1472 ;

434 1469 546 1515 With
566 1470 791 1517 confidence
810 1473 827 1517 I
847 1473 932 1519 now
951 1475 1056 1520 draw
1085 1476 1179 1522 nigh
1183 1477 1192 1521 ,

433 1517 526 1562 And
539 1518 682 1564 Father
684 1520 692 1563 ,
711 1520 821 1565 Abba
840 1522 981 1568 Father
985 1524 991 1567 ,
1012 1524 1078 1569 cry
1081 1525 1091 1568 .

294 1725 422 1758 Emory
444 1724 601 1757 Hymnal
606 1725 612 1756 ,
628 1725 691 1756 No.
702 1725 752 1756 292
756 1725 763 1756 .

290 1781 344 1821 11

598 1781 712 1834 Save
740 1781 923 1834 Mighty
953 1781 1076 1834 Lord
1077 1781 1090 1834 .

386 1853 407 1897 1
434 1853 545 1898 Show
564 1854 647 1900 pity
649 1855 658 1899 ,
678 1855 779 1901 Lord
785 1856 791 1900 ,
812 1857 841 1901 O
862 1857 961 1902 Lord
967 1858 972 1902 ,
991 1858 1135 1904 forgive
1143 1860 1156 1904 ;

435 1904 507 1947 Let
523 1904 546 1947 a
562 1903 766 1948 repenting
783 1905 885 1948 rebel
901 1905 977 1948 live
988 1906 998 1949 ;

435 1950 512 1994 Are
530 1950 599 1994 not
614 1950 684 1994 thy
703 1950 863 1996 mercies
880 1951 986 1996 large
1004 1952 1081 1996 and
1098 1952 1177 1997 free
1185 1953 1205 1997 ?

433 1998 528 2038 May
545 1998 613 2038 not
631 1998 653 2038 a
670 1998 801 2038 sinner
818 1998 914 2038 trust
932 1998 971 2038 in
990 1998 1080 2038 thee
1092 1998 1110 2038 ?

1320 347 1364 377 11
