2261 3214
237 351 328 407 No.
347 351 422 407 119
429 351 440 407 .

234 512 319 641 &

322 425 357 457 C.
381 424 428 456 H.
445 422 484 455 G.

222 2484 340 2633 B

376 575 416 610 4

1683 526 1758 603 d
1802 536 1901 601 *

364 656 394 684 1.
424 656 484 684 All
545 656 565 685 I

632 665 686 683 am

737 654 756 690 I
779 654 853 690 owe
870 654 905 690 to
923 654 1004 690 thee
1008 654 1013 690 ,
1029 654 1119 690 Lord
1125 654 1130 690 ,
1139 654 1219 690 And
1235 654 1286 690 all

1449 657 1506 696 ev-
1523 656 1561 694 er
1570 656 1657 694 hope
1683 655 1719 692 to
1759 653 1802 691 be
1806 654 1818 691 ;

363 699 395 729 2.
424 698 486 728 All
547 695 566 733 I
613 695 704 734 have
735 696 753 734 I
777 696 850 736 owe
868 697 902 735 to
919 697 1000 737 thee
1004 698 1009 736 ,
1028 698 1119 737 Lord
1123 699 1129 737 ,
1138 698 1230 738 Help
1239 700 1297 738 me
1436 698 1501 735 use
1522 698 1584 736 the
1593 699 1688 736 trust
1702 700 1722 736 a
1723 700 1736 736 -
1738 700 1834 738 right
1840 701 1848 737 ;

362 743 394 783 3.
419 743 509 783 Give
527 743 583 783 me
598 743 700 783 grace
705 743 711 783 ,
733 743 761 783 O
777 743 833 783 lov
838 743 850 783 -
850 743 912 783 ing
930 743 1009 783 Sav-
1026 743 1104 783 iour
1109 743 1114 783 ,
1129 743 1210 783 And
1219 743 1426 783 strengthen
1436 743 1492 783 me
1524 743 1558 783 to
1593 743 1636 783 do
1683 743 1746 783 thy
1757 743 1834 783 will

946 801 982 826 2
975 800 1000 825 .

379 848 415 881 4

378 892 417 927 4

429 1491 584 1523 CHORUS
589 1493 597 1522 .

938 1071 976 1110 8

363 1150 462 1186 Thou
472 1150 552 1186 hast
562 1150 694 1188 bought
706 1151 759 1187 me
776 1151 863 1187 with
881 1152 900 1188 a
919 1152 1012 1188 price
1017 1152 1023 1188 ,
1032 1152 1121 1188 Lord
1126 1153 1132 1189 ,
1143 1153 1223 1189 And
1243 1153 1262 1189 I
1321 1154 1376 1193 am

402 1198 461 1238 All
490 1198 551 1238 my
588 1198 722 1238 actions
725 1198 731 1238 ,
740 1198 835 1238 work
838 1198 844 1238 ,
851 1198 920 1238 and
933 1198 1011 1238 deal
1016 1198 1025 1238 -
1027 1198 1103 1238 ings
1109 1198 1116 1238 ,
1132 1198 1215 1238 May
1227 1198 1311 1238 they
1331 1198 1373 1238 be

358 1241 371 1281 '
374 1241 489 1281 Neath
498 1241 564 1281 thy
583 1241 677 1281 wing
706 1241 741 1281 se
744 1241 756 1281 -
758 1241 840 1281 cure
843 1241 854 1281 -
863 1241 899 1281 ly
918 1241 1003 1281 hide
1044 1241 1097 1281 me
1103 1241 1107 1281 ,
1133 1241 1213 1281 And
1229 1241 1292 1281 bid
1319 1241 1387 1281 the

935 1298 976 1321 2
971 1298 991 1321 .

723 348 739 407 I
775 348 915 407 OWE
956 348 1073 407 ALL
1110 348 1191 407 TO
1227 348 1389 407 THEE
1395 348 1407 407 .

385 1967 455 1996 and

389 2216 481 2244 bless
497 2217 512 2243 -
526 2217 567 2243 ed

386 2437 485 2464 came

517 1976 581 2008 my
641 1969 727 2008 king
731 1969 737 2007 ,

1074 1526 1180 1554 name
1181 1526 1189 1554 ,

403 1737 536 1782 Ever
551 1737 631 1782 will
673 1737 692 1782 I
710 1737 799 1782 bless
810 1737 879 1782 and
889 1737 1003 1782 praise
1013 1737 1078 1782 thy
1090 1737 1194 1782 name
1196 1737 1201 1782 ,
1210 1737 1304 1782 halle
1308 1737 1317 1782 -
1321 1737 1360 1782 lu
1377 1737 1389 1782 -
1402 1737 1464 1782 jah
1485 1737 1546 1782 My
1588 1737 1643 1782 lov
1647 1737 1658 1782 -
1663 1737 1724 1782 ing
1732 1737 1881 1782 Saviour
1884 1737 1892 1782 ,

656 2344 707 2401 ;
735 2344 787 2401 ;
817 2344 867 2401 ;
887 2345 933 2402 ;

866 2436 891 2463 E
918 2435 933 2462 -
970 2434 1020 2462 ter

1355 657 1377 685 I

1354 705 1389 728 to

1421 426 1525 461 CHAS
1531 427 1537 460 .
1559 428 1603 461 H.
1626 428 1804 464 GABRIEL
1808 430 1815 463 .

1069 2448 1081 2451 -

1426 1153 1495 1192 sub
1496 1154 1508 1191 -
1507 1152 1581 1191 ject
1593 1151 1641 1189 un
1661 1152 1675 1189 -
1693 1151 1727 1188 to
1752 1149 1833 1188 thee
1837 1150 1844 1187 .

1420 1198 1518 1238 pleas
1521 1198 1532 1238 -
1534 1198 1595 1238 ing
1603 1198 1640 1238 in
1680 1198 1746 1238 thy
1755 1198 1851 1238 sight
1853 1198 1859 1238 .

1429 1246 1582 1283 angry
1599 1245 1657 1279 sea
1689 1243 1733 1277 be
1747 1242 1824 1277 still
1825 1242 1834 1275 .

631 2211 699 2247 Sav
704 2213 718 2247 -
716 2213 797 2249 iour
806 2215 877 2250 and
895 2216 955 2251 my
963 2217 1053 2254 king
1148 2217 1247 2248 From
1270 2217 1330 2248 the
1340 2217 1464 2248 throne
1478 2217 1516 2248 of
1530 2217 1606 2248 God
1647 2217 1681 2248 to
1694 2217 1792 2248 earth
1824 2217 1869 2248 he

347 2903 480 2930 Copyright
484 2903 488 2930 ,
500 2903 553 2930 1892
558 2903 561 2930 ,
574 2903 603 2930 by
617 2903 694 2930 Guide
706 2903 818 2930 Printing
834 2903 850 2930 &
863 2903 913 2930 Pub
918 2903 923 2930 .
936 2903 978 2930 Co.
1030 2907 1116 2939 147

1484 1516 1548 1549 My
1585 1513 1652 1547 Sav

1740 1515 1822 1544 iour

1128 2433 1191 2461 nal
1277 2432 1371 2467 light
1402 2431 1473 2466 and
1536 2434 1600 2461 life

387 2681 487 2719 came
489 2681 496 2719 ,
509 2681 646 2719 halle
660 2681 742 2719 -lu-
757 2681 818 2719 jah
825 2681 831 2719 !
869 2681 894 2719 E
916 2681 930 2719 -
968 2681 1045 2719 ter-
1064 2681 1122 2719 nal
1127 2681 1133 2719 ,
1146 2681 1187 2719 ev
1204 2681 1217 2719 -
1234 2681 1271 2719 er
1272 2681 1283 2719 -
1286 2681 1355 2719 last
1370 2681 1383 2719 -
1405 2681 1468 2719 ing
1527 2684 1590 2710 life

1672 2432 1710 2466 to
1755 2435 1860 2470 bring
1861 2438 1871 2470 .

1664 2678 1701 2712 to
1747 2682 1850 2718 bring
1854 2686 1862 2718 .
