2640 3196
379 418 488 463 No.
517 418 585 463 55
591 418 605 463 .

501 626 566 668 5+

528 637 577 679 1-12

442 908 477 963 :
459 910 508 968 b
505 917 550 974 b
538 922 579 978 p
577 928 632 987 C

448 962 551 1016 bbb

385 1453 458 1511 O

576 653 633 702 e

528 1204 553 1239 2
532 1204 557 1239 -
544 1204 573 1239 b
569 1204 585 1239 .

485 1232 552 1277 25

427 1450 471 1501 F
436 1452 470 1500 :
466 1459 513 1510 b
506 1468 547 1518 b
540 1475 581 1525 b

454 1503 482 1542 b
479 1506 504 1545 -
487 1507 523 1548 b₂2₂²
525 1526 552 1560 b
550 1527 563 1560 .

613 1360 673 1426 d
664 1360 698 1425 .

1093 420 1349 469 SHELLY
1352 420 1368 467 .
1441 421 1495 469 S.
1520 421 1591 471 M.

1144 820 1269 886 de

1392 819 1634 888 ddd

829 1694 850 1738 1
882 1694 1032 1742 Behold
1052 1698 1120 1744 the
1139 1700 1276 1748 throne
1296 1703 1337 1749 of
1362 1705 1480 1752 grace
1487 1708 1499 1752 ;

940 1753 1020 1803 The
1038 1755 1202 1807 promise
1223 1758 1318 1809 calls
1336 1760 1380 1810 us
1399 1761 1493 1812 near
1498 1763 1510 1811 ;

883 1805 1005 1853 There
1019 1807 1131 1855 Jesus
1152 1809 1274 1857 shows
1298 1812 1319 1857 a
1340 1812 1487 1860 smiling
1505 1814 1593 1861 face
1593 1816 1605 1861 ,

941 1864 1034 1906 And
1054 1867 1164 1910 waits
1190 1871 1230 1911 to
1254 1872 1397 1916 answer
1419 1876 1555 1919 prayer
1556 1880 1566 1919 .

829 1968 854 2013 2
884 1968 956 2013 My
974 1968 1059 2013 soul
1061 1968 1068 2013 ,
1092 1968 1161 2013 ask
1183 1968 1288 2013 what
1308 1968 1402 2013 thou
1424 1968 1504 2013 wilt
1505 1968 1514 2013 ,

939 2018 1045 2060 Thou
1066 2019 1175 2061 canst
1196 2020 1265 2062 not
1287 2021 1333 2061 be
1355 2022 1420 2062 too
1442 2022 1531 2064 bold
1539 2023 1551 2063 ;

884 2078 995 2125 Since
1015 2078 1070 2125 his
1092 2078 1178 2125 own
1198 2078 1312 2125 blood
1334 2078 1390 2125 for
1412 2078 1500 2125 thee
1522 2078 1568 2125 he
1589 2078 1678 2125 spilt
1680 2078 1690 2125 ,

939 2134 1064 2169 What
1083 2134 1162 2169 else
1182 2134 1252 2169 can
1275 2134 1320 2169 he
1345 2134 1528 2169 withhold
1542 2134 1560 2169 ?

830 2231 855 2276 3
885 2231 1003 2277 Thine
1024 2232 1150 2279 image
1154 2233 1162 2278 ,
1187 2233 1293 2280 Lord
1298 2234 1306 2279 ,
1328 2234 1475 2281 bestow
1479 2236 1488 2281 ,

938 2289 1024 2339 Thy
1040 2287 1223 2338 presence
1242 2286 1316 2335 and
1337 2285 1408 2334 thy
1425 2284 1512 2333 love
1515 2284 1526 2332 ,

884 2343 987 2389 That
1007 2343 1062 2389 we
1084 2343 1172 2389 may
1193 2343 1297 2389 serve
1321 2343 1406 2389 thee
1423 2343 1513 2389 here
1532 2343 1651 2389 below
1656 2343 1666 2389 ,

942 2400 1035 2444 And
1054 2400 1162 2444 reign
1183 2400 1275 2444 with
1294 2400 1384 2444 thee
1401 2400 1524 2444 above
1527 2400 1535 2444 .

829 2497 854 2542 4
885 2496 1012 2543 Teach
1031 2498 1073 2543 us
1095 2498 1136 2543 to
1157 2498 1230 2543 live
1251 2499 1301 2544 by
1322 2499 1419 2544 faith
1424 2499 1432 2544 ,

943 2552 1119 2594 Conform
1144 2554 1211 2595 our
1233 2554 1326 2596 wills
1348 2556 1389 2596 to
1408 2556 1515 2597 thine
1522 2557 1533 2597 ;

887 2608 962 2650 Let
983 2608 1025 2650 us
1045 2608 1250 2652 victorious
1271 2610 1319 2652 be
1339 2610 1376 2652 in
1399 2610 1519 2654 death
1521 2611 1530 2653 ,

944 2665 1039 2709 And
1058 2665 1150 2708 then
1168 2666 1204 2709 in
1225 2666 1337 2710 glory
1355 2667 1462 2711 shine
1463 2667 1474 2710 .

1309 2787 1323 2817 (
1327 2787 1362 2817 58
1370 2787 1383 2817 )

1767 512 1810 553 L.
1830 512 1961 554 SPOHR
1981 513 1999 554 (
2008 513 2237 557 1784-1859
2247 515 2266 556 )
2274 515 2283 556 .

1751 676 1806 714 be

1388 2737 1468 2770 Rev.
1486 2738 1588 2771 JOHN
1609 2739 1769 2773 NEWTON
1793 2741 1804 2772 (
1811 2741 1995 2775 1725-1807
1998 2744 2011 2775 )
2018 2744 2025 2775 .

2108 1304 2203 1432 요
