2271 3233
371 358 429 389 W.
449 359 491 389 A.
511 360 550 390 O.

293 455 383 574 f

407 1226 432 1261 2

370 923 501 970 56-4

376 1666 434 1702 PR

464 461 507 499 4

438 505 505 543 -4

407 1950 433 1981 22

401 2290 435 2325 R

427 1921 452 1947 -D

439 635 470 663 1.
498 634 561 662 We

614 630 682 671 our
695 630 791 671 vows
829 630 867 671 to
905 630 983 671 God
1025 630 1116 671 have
1124 630 1184 671 spo
1189 630 1202 671 -
1203 630 1270 671 ken
1281 630 1288 671 ;
1300 630 1350 671 By
1370 630 1430 671 the
1447 630 1572 671 pledge
1583 630 1646 671 our
1660 630 1746 671 faith
1774 630 1803 671 is
1812 630 1927 671 sealed
1932 630 1938 671 ,

439 689 469 720 2.
499 688 564 719 We
619 688 679 730 are
711 688 776 730 His
823 688 870 730 by
902 688 982 730 sign
1022 688 1091 730 and
1117 688 1180 730 fa-
1196 688 1257 730 vor
1263 688 1271 730 ;
1292 688 1352 730 We
1371 688 1429 730 are
1464 688 1528 730 His
1570 688 1615 730 by
1644 688 1737 730 word
1762 688 1801 730 of
1814 688 1928 730 might
1931 688 1937 730 ,

439 745 472 784 3.
500 745 594 784 Help
627 745 667 784 us
673 745 680 784 ,
727 745 763 784 O
812 743 878 781 our
893 742 1105 782 heavenly
1119 744 1168 782 Fa
1185 744 1263 782 ther
1268 744 1273 782 ,
1290 744 1375 783 Now
1389 745 1423 783 to
1451 745 1539 783 keep
1553 745 1617 784 our
1641 746 1738 784 vows
1763 746 1799 784 to
1825 746 1918 785 Thee
1924 747 1934 785 ;

485 1362 544 1403 Un
600 1362 636 1403 to
655 1362 776 1403 Christ

473 1420 552 1449 And
570 1420 579 1449 '
583 1420 677 1449 twill
693 1420 738 1449 be

442 1835 600 1867 CHORUS
602 1838 611 1866 .

788 218 1039 277 CHRIST
1078 218 1219 277 OUR
1256 218 1434 277 HOPE
1439 218 1454 277 .

805 1362 869 1403 our
881 1362 967 1403 lives
1000 1362 1058 1403 are
1096 1362 1251 1403 given
1257 1362 1263 1403 ,
1279 1362 1358 1403 And
1400 1362 1434 1403 to
1461 1362 1544 1403 Him
1556 1362 1620 1403 our
1633 1362 1760 1403 pow'rs
1770 1362 1822 1403 we
1830 1362 1925 1403 yield
1930 1362 1938 1403 .

1005 1417 1066 1456 en-
1078 1417 1249 1456 deavor
1273 1417 1354 1456 E'er
1395 1417 1428 1456 to
1445 1417 1549 1456 stand
1559 1417 1611 1456 for
1638 1417 1710 1456 God
1738 1417 1804 1456 and
1818 1417 1914 1456 right
1915 1417 1922 1456 .

480 1472 561 1510 And
599 1474 636 1510 in
679 1474 872 1513 conflict
886 1477 967 1515 may
1000 1479 1055 1516 we
1100 1486 1141 1505 ev
1210 1475 1248 1507 er
1263 1475 1356 1507 True
1386 1475 1456 1507 and
1471 1475 1616 1507 faithful
1648 1475 1817 1507 foll'wers
1846 1475 1888 1507 be
1892 1475 1901 1507 .

805 1424 871 1456 one
885 1420 958 1451 sole

564 1384 573 1387 -

388 2833 481 2900 554

1491 235 1499 247 :

1558 358 1610 390 W.
1636 360 1676 391 A.
1701 360 1842 393 OGDEN
1845 363 1854 393 .

1172 1493 1184 1497 -

459 2094 640 2126 Blessed
685 2096 716 2126 is
755 2096 816 2126 the
849 2096 909 2127 con
929 2097 943 2127 -
958 2097 995 2127 so
1019 2097 1029 2127 -
1070 2093 1121 2131 la-
1138 2093 1211 2131 tion
1218 2093 1225 2131 ,
1231 2093 1349 2131 Christ
1359 2093 1419 2131 the
1429 2093 1517 2131 hope
1541 2093 1581 2131 of
1615 2093 1682 2131 our
1704 2093 1770 2131 sal-
1786 2093 1829 2131 va
1832 2093 1844 2131 -
1846 2093 1921 2131 tion
1926 2093 1934 2131 ,

1082 2986 1145 3016 54

453 2702 584 2743 Reign-
599 2702 660 2743 eth
671 2702 767 2743 King
776 2702 849 2743 o'er
889 2702 1030 2743 ev'ry
1069 2702 1131 2743 na-
1142 2702 1214 2743 tion
1224 2702 1232 2743 !
1248 2702 1330 2743 And
1362 2702 1397 2743 to
1417 2702 1500 2743 Him
1536 2702 1601 2743 our
1610 2702 1704 2743 vows
1713 2702 1766 2743 we
1787 2702 1858 2743 pay
1859 2702 1869 2743 .
