2856 2196
294 180 405 226 110

393 245 429 271 E.
451 245 490 271 N.
509 245 703 274 GUNNISON
707 247 714 273 .

415 324 454 359 4

408 367 458 409 4

282 827 363 903 2

292 610 349 657 O
343 611 369 657 :
380 612 455 659 64

348 654 454 703 5-4

336 442 371 481 1.
388 442 485 481 Ring
499 442 564 481 the
574 442 639 481 joy
643 442 655 481 -
660 442 749 481 bells
758 442 763 481 ,
773 442 896 481 Christ
925 442 955 481 is
991 442 1135 481 risen
1148 442 1159 481 !
1163 442 1261 481 -He
1292 442 1376 481 who
1396 442 1457 481 for
1476 442 1543 481 our
1569 442 1645 481 sins
1663 442 1738 481 was
1754 442 1847 481 slain
1860 442 1868 481 ;
1876 442 1985 481 From
2000 442 2063 481 the
2078 442 2248 481 bondage
2268 442 2312 481 of
2330 442 2385 481 his
2403 442 2479 481 pris
2484 442 2496 481 -
2500 442 2546 481 on
2552 442 2561 481 ,

334 485 373 525 2.
387 485 484 525 Ring
497 485 560 525 the
572 485 637 525 joy
640 485 652 525 -
656 485 746 525 bells
754 485 761 525 ,
767 485 853 525 loud
868 485 941 525 and
953 485 1096 525 gleeful
1103 485 1109 525 ,
1116 485 1242 525 Sound
1255 485 1352 525 their
1367 485 1473 525 notes
1487 485 1533 525 of
1540 485 1662 525 praise
1675 485 1747 525 and
1759 485 1871 525 peace
1881 485 1889 525 ;
1899 485 1969 525 Fill
1978 485 2040 525 the
2054 485 2172 525 world
2184 485 2275 525 with
2290 485 2375 525 glad
2389 485 2576 525 vibration
2582 485 2591 525 ,

336 529 372 571 3.
386 529 482 571 Ring
496 529 560 571 the
572 529 636 571 joy
639 529 652 571 -
656 529 746 571 bells
753 529 760 571 ,
766 529 928 571 -saints
944 529 981 571 in
1001 529 1060 571 glo
1079 529 1092 571 -
1110 529 1151 571 ry
1157 529 1164 571 ,
1206 529 1286 571 List
1290 529 1302 571 -
1307 529 1349 571 en
1390 529 1428 571 to
1465 529 1529 571 the
1553 529 1639 571 glad
1680 529 1719 571 re
1723 529 1735 571 -
1739 529 1838 571 frain
1851 529 1858 571 ;
1881 529 2043 571 Ringing
2064 529 2169 571 forth
2184 529 2247 571 the
2266 529 2327 571 old
2331 529 2343 571 -
2346 529 2390 571 en
2416 529 2475 571 sto
2491 529 2507 571 -
2522 529 2565 571 ry
2571 529 2581 571 ,

363 992 504 1028 Breaks
523 992 561 1028 to
597 992 682 1028 glad
686 992 696 1028 -
701 992 769 1028 den
790 992 894 1028 earth
920 992 1071 1028 again
1080 992 1088 1028 .

409 1038 483 1069 Till
512 1038 575 1069 the
594 1038 704 1069 strife
724 1038 767 1069 of
782 1038 885 1069 earth
900 1038 997 1069 shall
1006 1038 1114 1069 cease
1120 1038 1129 1069 .

402 1081 497 1116 How
511 1081 573 1116 the
592 1081 716 1117 Christ
729 1083 758 1117 is
779 1083 873 1118 born
929 1084 949 1118 a
966 1084 1077 1120 -gain
1082 1085 1092 1119 .

363 1476 393 1514 5
416 1476 454 1514 8

1134 179 1277 242 Ring
1311 179 1412 242 the
1448 179 1562 242 Joy
1564 179 1588 242 -
1590 179 1741 242 Bells
1743 179 1762 242 .

382 1900 468 1934 Ring
469 1903 477 1933 ,
578 1902 652 1933 ring
655 1904 662 1933 ,
765 1903 837 1933 ring
840 1903 847 1933 ,

399 1945 511 1973 Copyright
514 1946 518 1971 ,
533 1944 580 1971 1890
582 1945 586 1970 ,
603 1944 627 1970 by
642 1942 758 1970 FILLMORE
773 1941 828 1968 BROS
832 1941 838 1966 .

1094 764 1266 791 REFRAIN
1273 764 1281 791 .

958 1903 1032 1932 ring
1034 1905 1042 1931 ,

1174 993 1271 1032 Ring
1287 993 1352 1032 the
1375 993 1441 1032 joy
1444 993 1457 1032 -
1460 993 1551 1032 bells
1557 993 1562 1032 ,
1570 993 1652 1032 ring
1665 993 1728 1032 the
1744 993 1807 1032 joy
1815 993 1825 1032 -
1829 993 1919 1032 bells
1929 993 1935 1032 ,
1942 993 2037 1032 Ring
2052 993 2115 1032 the
2129 993 2219 1032 bells
2226 993 2232 1032 ,
2239 993 2302 1032 the
2332 993 2399 1032 joy
2418 993 2431 1032 -
2462 993 2555 1032 bells
2562 993 2571 1032 ,

1188 1080 1274 1111 Ring
1318 1080 1374 1111 the
1388 1080 1471 1111 bells
1474 1080 1483 1111 ,
1564 1081 1638 1110 ring
1683 1081 1739 1110 the
1753 1081 1834 1110 bells
1839 1081 1846 1110 ,
1934 1080 2019 1110 Ring

2068 1074 2125 1105 the
2137 1077 2221 1108 bells
2225 1081 2234 1109 ,

2351 1079 2408 1111 joy
2464 1078 2548 1110 bells
2554 1078 2563 1108 ,

1177 1337 1261 1365 Ring
1263 1337 1272 1365 ,

1367 1336 1441 1366 ring
1443 1338 1451 1365 ,

382 1604 480 1642 Ring
497 1604 561 1641 the
576 1603 641 1641 joy
645 1603 656 1640 -
660 1603 750 1640 bells
758 1603 763 1640 ,
771 1603 854 1640 ring
871 1602 936 1639 the
963 1602 1027 1639 joy
1032 1602 1043 1639 -
1047 1601 1137 1639 bells
1144 1601 1150 1638 ,
1159 1601 1253 1638 Ring
1266 1601 1326 1638 the
1343 1600 1432 1637 bells
1441 1600 1447 1637 ,
1454 1600 1515 1637 the
1532 1599 1598 1637 joy
1608 1599 1623 1636 -
1635 1599 1728 1636 bells
1733 1599 1743 1636 .

381 1647 467 1679 Ring
531 1646 589 1674 the
601 1648 685 1676 bells
689 1650 697 1676 ,

900 1644 957 1673 the
970 1645 1052 1676 bells
1056 1648 1064 1676 ,
1146 1644 1230 1676 Ring
1274 1644 1329 1675 the
1343 1643 1424 1674 bells
1429 1644 1437 1674 ,

773 1648 847 1678 ring

1539 1646 1595 1677 joy
1611 1646 1626 1675 -
1640 1644 1723 1675 bells
1726 1644 1734 1673 .

1279 1689 1378 1753 do

1145 1903 1228 1932 Ring
1233 1903 1239 1931 ,

1552 1336 1626 1366 ring
1628 1337 1635 1365 ,

1306 1900 1382 1933 ring

1737 1337 1810 1366 ring
1814 1337 1820 1366 ,

1508 1900 1562 1932 joy
1595 1900 1610 1930 -
1642 1898 1724 1930 bells
1727 1899 1734 1929 .

2173 245 2204 270 J.
2225 245 2264 270 H.
2287 245 2478 272 FILLMORE
2483 247 2490 272 .

1923 1335 2006 1368 Ring
2011 1337 2018 1367 ,

1875 1393 2034 1423 CHORUS
2038 1394 2047 1422 .

1858 1780 1885 1816 b

2119 1338 2192 1367 ring

2319 1337 2375 1367 joy
2409 1337 2423 1367 -
2453 1337 2538 1367 bells
2540 1337 2548 1367 ,

1858 1602 1955 1640 Ring
1965 1602 2030 1639 the
2041 1602 2107 1639 joy
2109 1602 2122 1639 -
2126 1601 2215 1638 bells
2224 1601 2229 1638 ,
2238 1601 2361 1638 Christ
2374 1600 2401 1638 is
2422 1599 2561 1637 risen
2575 1600 2587 1637 !
