2242 3255
363 332 603 419 1893

353 454 611 552 Life
657 449 729 538 A

1012 471 1377 648 1₂2128

934 697 1357 853 F645

1046 871 1134 1005 (
1077 871 1164 1005 S
1151 872 1217 1006 )

877 1119 1330 1194 PREFACE
1332 1125 1349 1194 .

415 1384 803 1468 BELIEVING
838 1386 966 1469 Song
1000 1388 1049 1469 to
1082 1388 1136 1470 be
1174 1389 1259 1470 one
1300 1390 1353 1471 of
1392 1390 1530 1473 God's
1569 1391 1805 1474 appointed

534 1470 654 1527 ways
682 1471 734 1526 of
761 1471 996 1528 spreading
1031 1473 1108 1528 the
1142 1473 1296 1530 gospel
1301 1474 1309 1529 ,
1336 1475 1400 1530 we
1436 1475 1543 1532 send
1575 1476 1665 1531 this
1694 1476 1809 1533 little

411 1545 663 1593 messenger
700 1548 814 1594 forth
858 1549 899 1595 in
946 1550 1029 1597 His
1070 1551 1200 1597 name
1202 1552 1211 1597 .

836 1670 855 1701 "
867 1670 881 1701 I
900 1670 950 1703 am
972 1671 1029 1704 the
1046 1672 1136 1704 light
1156 1673 1190 1705 of
1211 1674 1264 1707 the
1284 1675 1385 1707 world
1395 1676 1406 1707 :

804 1722 843 1750 he
868 1722 941 1751 that
966 1724 1137 1754 followeth
1162 1727 1211 1755 me
1234 1728 1323 1757 shall
1347 1730 1405 1758 not

803 1779 888 1811 walk
903 1781 936 1811 in
951 1781 1113 1814 darkness
1119 1783 1124 1813 ,
1140 1783 1199 1815 but
1219 1784 1305 1816 shall
1322 1785 1406 1817 have

801 1832 858 1868 the
869 1833 971 1870 Light
979 1835 1019 1871 of
1026 1836 1099 1872 Life
1100 1837 1109 1871 .
1110 1837 1128 1871 "
1132 1838 1160 1872 -
1161 1838 1256 1874 JOHN
1268 1840 1327 1875 VII
1336 1841 1346 1875 :
1360 1841 1392 1876 12
1395 1842 1402 1876 .

1308 1948 1438 1987 EDW
1450 1950 1459 1987 .
1490 1950 1534 1987 S.
1565 1950 1725 1989 FOGG
1734 1952 1742 1989 .

1309 2023 1362 2063 T.
1382 2024 1450 2063 W.
1479 2025 1729 2067 BARKER
1733 2029 1745 2067 .

881 2937 1123 3016 EMORY
1158 2949 1591 3037 UNIVERSITY

872 3049 1245 3120 THEOLOGY
1279 3060 1586 3129 LIBRARY
