2563 3344
409 348 678 380 ENTREATY
684 349 692 378 .
734 348 781 378 6s
796 348 821 377 &
839 348 891 377 5s
895 348 903 377 .
941 347 987 376 D.

441 498 541 544 28
562 497 609 541 8

404 786 480 833 6-2

343 1539 418 1588 92

640 511 681 553 g
701 512 828 556 ga

793 519 827 546 Q
831 524 860 550 -
862 528 894 555 0

790 564 893 585 00

1007 243 1176 276 HYMNS
1211 243 1268 275 OF
1305 242 1563 274 DEVOTION
1568 242 1576 273 .

1675 554 1740 599 니

447 623 483 662 1.
502 623 542 662 In
560 623 611 662 the
627 623 702 662 hour
718 623 751 662 of
783 623 900 662 trial
905 623 910 662 ,
946 623 986 662 Je
989 623 998 662 -
1003 623 1053 662 sus
1059 623 1066 662 ,
1070 623 1155 662 plead
1173 623 1220 662 for
1259 623 1303 662 me
1315 623 1322 662 ;
1344 623 1419 662 Lest
1436 623 1473 662 by
1489 623 1559 662 base
1572 623 1607 662 de
1625 623 1638 662 -
1653 623 1684 662 ni
1728 623 1742 662 -
1779 623 1811 662 al
1867 625 1886 659 I
1919 625 1953 659 de
1955 625 1966 659 -
1968 625 2036 659 part
2048 625 2122 659 from
2137 625 2222 659 Thee
2232 625 2241 659 ;

2065 691 2107 719 2
2150 696 2229 727 HOH

1239 699 1316 725 HIGH

709 718 906 761 288

2066 740 2102 763 2

529 1012 633 1128 동명
750 1009 844 1124 동행
890 1008 908 1122 1
911 1007 950 1122 일
991 1005 1085 1121 임명
1139 1001 1323 1118 8101
1332 1000 1369 1115 동
1403 999 1501 1114 동명
1540 997 1578 1112 영
1576 998 1605 1112 1
1613 996 1671 1111 등
1759 995 1785 1109 1
1796 993 1833 1108 일

1619 1086 1657 1109 a

1691 1105 1720 1125 0

388 1167 489 1202 When
504 1167 591 1201 Thou
603 1166 691 1201 see'st
703 1166 745 1200 me
760 1166 819 1200 wav
821 1166 832 1200 -
837 1165 867 1200 er
872 1165 877 1199 ,
888 1165 977 1199 With
996 1165 1011 1199 a
1038 1164 1106 1199 look
1122 1164 1155 1198 re
1193 1164 1205 1198 -
1222 1164 1279 1198 call
1286 1164 1291 1198 ,
1315 1163 1380 1198 Nor
1398 1163 1445 1197 for
1464 1163 1527 1197 fear
1545 1162 1576 1197 or
1609 1162 1641 1196 fa
1652 1162 1666 1196 -
1679 1162 1734 1196 vor

521 1246 562 1278 P
556 1243 579 1273 -
589 1235 634 1268 R

667 1253 703 1287 o
721 1248 792 1285 12
817 1245 853 1279 a

1311 1241 1364 1308 e
1388 1241 1516 1308 do
1514 1241 1566 1308 e

339 1291 440 1363 96

725 1331 848 1367 200

656 1555 692 1586 In
706 1555 760 1585 the
774 1553 861 1585 Hour
877 1554 913 1584 of
926 1552 1021 1584 Trial
1022 1553 1030 1583 .

513 1611 535 1652 1
567 1611 616 1652 In
636 1611 700 1652 the
721 1611 817 1652 hour
836 1611 882 1652 of
896 1611 987 1652 trial
989 1611 999 1652 ,

563 1666 674 1713 Jesus
678 1666 688 1713 ,
706 1666 822 1713 plead
842 1666 902 1713 for
920 1666 978 1713 me
987 1666 997 1713 ;

521 1725 617 1770 Lest
633 1724 685 1767 by
703 1722 796 1766 base
816 1720 942 1765 denial

573 1783 595 1828 I
615 1780 752 1827 depart
773 1778 867 1825 from
889 1777 992 1824 Thee
998 1777 1009 1822 ;

517 1833 644 1872 When
666 1834 775 1873 Thou
796 1835 913 1874 see'st
936 1836 993 1873 me
1015 1836 1138 1875 waver
1141 1837 1150 1874 ,

573 1887 687 1928 With
707 1887 729 1927 a
749 1887 841 1928 look
860 1887 979 1929 recall
982 1888 992 1928 ,

521 1948 605 1980 Nor
624 1948 686 1980 for
704 1948 787 1980 fear
807 1948 849 1980 or
869 1948 979 1980 favor

572 2001 692 2038 Suffer
714 2000 771 2036 me
789 2000 828 2035 to
849 1998 917 2035 fall
920 1999 929 2034 .

573 2290 719 2338 Spread
740 2290 780 2336 to
804 2288 907 2336 work
929 2287 987 2334 me
1007 2286 1114 2334 harm
1122 2287 1133 2333 ;

518 2346 637 2396 Bring
653 2345 693 2393 to
715 2344 778 2391 my
796 2337 1079 2390 remembrance

516 2120 544 2165 2
573 2120 686 2165 With
705 2120 906 2167 forbidden
924 2121 1115 2167 pleasures

573 2177 721 2219 Would
735 2177 809 2219 this
829 2177 918 2219 vain
939 2177 1059 2219 world
1080 2177 1207 2219 charm
1216 2177 1227 2219 ;

518 2235 576 2270 Or
593 2235 642 2270 its
663 2235 792 2270 sordid
812 2235 1000 2270 treasures

575 2401 658 2442 Sad
677 2400 935 2443 Gethsemane
939 2402 947 2443 ,

520 2458 574 2502 Or
577 2458 586 2501 ,
607 2458 644 2501 in
667 2456 804 2501 darker
823 2455 1036 2500 semblance
1039 2456 1049 2499 ,

576 2511 687 2554 Cross
690 2511 701 2554 -
701 2511 876 2554 crown'd
898 2511 1066 2554 Calvary
1068 2511 1080 2554 .

1244 786 1324 816 H2H

521 2635 545 2681 3
576 2635 723 2681 Should
746 2635 830 2681 Thy
849 2635 976 2681 merey
995 2635 1087 2681 send
1104 2635 1164 2681 me

577 2688 726 2735 Sorrow
733 2690 740 2734 ,
763 2690 832 2736 toil
836 2691 845 2735 ;
863 2691 937 2737 and
959 2692 1041 2738 woe
1047 2694 1056 2738 ;

521 2748 576 2793 Or
596 2747 730 2792 should
742 2746 832 2791 pain
853 2745 989 2791 attend
1011 2745 1069 2789 me

578 2802 642 2848 On
659 2802 724 2848 my
740 2802 837 2848 path
857 2802 980 2848 below
988 2802 1001 2848 ;

523 2857 649 2897 Grant
669 2859 755 2898 that
776 2860 795 2898 I
818 2860 903 2900 may
925 2861 1038 2901 never

578 2910 666 2957 Fail
685 2911 770 2958 Thy
789 2912 895 2959 hand
913 2913 955 2958 to
976 2914 1038 2960 see
1053 2914 1063 2959 ;

524 2966 649 3009 Grant
670 2967 757 3010 that
778 2969 797 3010 I
818 2969 907 3011 may
927 2970 1016 3013 ever

577 3024 672 3074 Cast
689 3023 753 3072 my
772 3020 860 3070 care
878 3019 927 3068 on
950 3017 1051 3067 Thee
1053 3018 1064 3065 .

1208 1263 1286 1284 HSH

1209 1336 1292 1373 Hett

1237 3107 1254 3138 (
1259 3106 1296 3137 38
1299 3106 1316 3137 )

1776 342 1811 372 E.
1832 342 1868 372 G.
1891 342 2000 374 MONK
2018 344 2032 374 (
2037 344 2140 375 1819-
2154 345 2167 375 )
2171 345 2178 375 .

2001 425 2144 498 dodf

1690 1257 1725 1277 a

1620 1334 1720 1359 0-6

1795 1164 1855 1195 Suf
1856 1166 1869 1195 -
1870 1166 1917 1196 fer
1930 1167 1974 1197 me
2003 1169 2038 1199 to

1372 1562 1397 1607 4
1431 1562 1558 1608 When
1578 1563 1640 1608 my
1660 1564 1736 1610 last
1756 1564 1852 1611 hour
1867 1565 2021 1611 cometh
2022 1566 2032 1611 ,

1430 1621 1606 1667 Fraught
1627 1621 1719 1667 with
1739 1621 1842 1667 strife
1864 1621 1939 1667 and
1959 1621 2050 1667 pain
2053 1621 2063 1667 ,

1381 1677 1506 1724 When
1527 1677 1588 1722 my
1610 1676 1698 1722 dust
1717 1675 1913 1722 returneth

1435 1724 1492 1767 To
1512 1726 1579 1770 the
1598 1728 1689 1772 dust
1710 1730 1824 1775 again
1829 1734 1842 1775 ;

1381 1785 1443 1831 On
1465 1785 1550 1832 Thy
1569 1786 1675 1833 truth
1697 1787 1842 1835 relying
1847 1789 1855 1834 ,

1428 1842 1609 1888 Through
1629 1842 1716 1886 that
1737 1840 1876 1886 mortal
1889 1840 1992 1885 strife
1996 1841 2004 1885 ,

1374 1897 1487 1944 Jesus
1491 1899 1499 1944 ,
1522 1899 1612 1945 take
1635 1900 1693 1946 me
1697 1901 1705 1946 ,
1726 1901 1843 1947 dying
1847 1902 1856 1947 ,

1430 1955 1484 1990 To
1507 1954 1654 1989 eternal
1673 1954 1735 1989 life
1739 1954 1748 1988 .

2146 789 2229 818 HPH

2113 1167 2171 1193 fall
2175 1167 2183 1193 .

2093 1268 2174 1309 H2H

1693 2018 1785 2048 James
1799 2018 1988 2048 Montgomery
2005 2018 2015 2048 (
2024 2018 2187 2048 1771-1854
2194 2018 2205 2048 )
2210 2018 2218 2048 .

1321 2119 1398 2171 93

1515 2137 1533 2170 2
1554 2137 1612 2170 Cor
1616 2137 1623 2170 .
1642 2137 1688 2170 xii
1696 2137 1704 2170 :
1721 2137 1747 2170 9.
1770 2137 1783 2170 (
1794 2137 1896 2170 TUNE
1917 2137 2035 2170 VIRGO
2038 2137 2044 2170 .
2048 2137 2060 2170 )

1383 2188 1404 2237 1
1438 2188 1514 2238 Let
1535 2189 1594 2239 me
1614 2189 1684 2240 but
1703 2190 1794 2241 hear
1817 2192 1878 2242 my
1901 2192 2063 2244 Saviour
2084 2194 2150 2245 say
2153 2195 2164 2244 ,

1383 2250 1409 2296 "
1419 2250 1602 2296 Strength
1624 2250 1723 2296 shall
1742 2250 1788 2296 be
1810 2250 1920 2296 equal
1943 2250 1983 2296 to
2006 2250 2074 2296 thy
2094 2250 2170 2296 day
2178 2250 2191 2296 ;
2191 2250 2212 2296 "

1378 2305 1485 2351 Then
1504 2305 1525 2350 I
1545 2305 1682 2352 rejoice
1701 2306 1736 2351 in
1759 2306 1854 2352 deep
1875 2307 2030 2353 distress
2033 2308 2041 2353 ,

1377 2363 1551 2406 Leaning
1572 2363 1620 2406 on
1641 2363 1695 2406 all
1693 2363 1707 2406 -
1707 2363 1890 2406 sufficient
1910 2363 2027 2406 grace
2031 2363 2040 2406 .

1379 2498 1403 2542 2
1433 2497 1453 2541 I
1475 2497 1545 2541 can
1567 2497 1615 2541 do
1637 2496 1690 2541 all
1710 2496 1836 2540 things
1916 2495 1957 2540 or
1978 2495 2051 2539 can
2070 2495 2163 2539 bear

1382 2552 1451 2600 All
1469 2551 1646 2599 suffering
1651 2551 1658 2598 ,
1681 2551 1713 2598 if
1728 2550 1790 2598 my
1815 2549 1919 2597 Lord
1941 2549 1986 2597 be
2008 2548 2116 2596 there
2125 2549 2136 2596 ;

1380 2606 1507 2656 Sweet
1525 2605 1717 2655 pleasures
1739 2605 1877 2654 mingle
1900 2605 1989 2653 with
2010 2605 2075 2653 the
2095 2604 2202 2653 pains
2207 2604 2216 2652 ,

1385 2663 1514 2713 While
1536 2662 1601 2711 He
1620 2662 1682 2711 my
1702 2660 1849 2710 sinking
1870 2659 1969 2709 head
1989 2658 2150 2708 sustains
2154 2658 2162 2706 .

1385 2809 1409 2854 3
1439 2809 1460 2854 I
1481 2809 1591 2854 glory
1612 2809 1648 2854 in
1669 2809 1848 2854 infirmity
1850 2809 1862 2854 ,

1384 2861 1488 2908 That
1502 2862 1656 2909 Christ's
1673 2864 1754 2910 own
1770 2864 1897 2911 power
1911 2865 1998 2912 may
2011 2866 2088 2913 rest
2111 2868 2158 2913 on
2171 2868 2229 2913 me
2237 2869 2245 2914 ;

1383 2915 1511 2961 When
1531 2917 1551 2961 I
1573 2917 1634 2961 am
1656 2917 1762 2963 weak
1767 2918 1774 2962 ,
1797 2918 1887 2964 then
1910 2919 1970 2963 am
1991 2920 2012 2964 I
2033 2920 2165 2965 strong
2173 2921 2183 2965 ;

1385 2970 1512 3021 Grace
1531 2971 1559 3021 is
1578 2972 1637 3021 my
1658 2972 1777 3023 shield
1783 2973 1788 3022 ,
1796 2973 1869 3022 and
1894 2973 2019 3024 Christ
2041 2975 2103 3024 my
2117 2975 2216 3026 song
2220 2976 2229 3025 .

1728 3040 1789 3068 Rev.
1808 3040 1887 3067 Isaac
1910 3039 1991 3067 Watts
2008 3039 2017 3066 (
2028 3038 2189 3066 1674-1748
2197 3038 2208 3065 )
2212 3038 2218 3065 .
