2442 3617
442 860 608 918 9:25

528 1342 610 1391 bb

712 437 818 495 God
844 438 950 496 will
968 439 1089 497 take
1119 440 1247 498 Care
1277 442 1334 498 of
1358 442 1463 500 You
1475 443 1486 499 .
1496 443 1536 499 -
1538 443 1756 502 Concluded
1756 445 1769 501 .

448 1074 597 1185 64
702 1058 925 1187 H

639 755 817 790 Father
820 755 826 790 ,
842 755 1025 790 Redeem
1065 755 1101 790 er
1140 755 1207 790 and
1224 755 1344 790 Friend
1356 755 1364 790 !
1385 755 1523 790 Jesus
1561 755 1636 790 will
1657 755 1702 790 an

1166 256 1240 294 29

237 1631 380 1676 HOLY
401 1630 569 1675 GHOST
574 1631 582 1674 ,
609 1630 755 1674 WITH
781 1629 942 1674 LIGHT
963 1628 1158 1673 DIVINE
1164 1629 1175 1672 .

474 1729 623 1771 Pleyels
640 1729 770 1771 Hymn
775 1729 810 1771 -
818 1729 904 1771 Key
920 1729 967 1771 G.

238 1820 349 1862 Holy
367 1820 499 1862 Ghost
502 1820 508 1862 ,
530 1820 626 1862 with
646 1820 749 1862 light
768 1820 907 1862 divine
912 1820 921 1862 ,

234 1886 359 1926 Shine
377 1886 489 1926 upon
507 1886 589 1926 this
608 1886 728 1926 heart
747 1886 790 1926 of
807 1886 915 1926 mine
925 1886 934 1926 ;

237 1947 371 1990 Chase
387 1949 458 1991 the
478 1950 625 1994 shades
645 1952 687 1993 of
705 1952 823 1995 night
840 1954 958 1996 away
960 1955 971 1996 ,

235 2021 343 2063 Turn
364 2021 433 2062 my
453 2019 650 2062 darkness
669 2020 757 2061 into
777 2019 855 2060 day
860 2019 872 2060 .

239 2131 347 2174 Holy
365 2131 496 2173 Ghost
502 2131 509 2173 ,
530 2130 627 2172 with
646 2129 788 2172 power
806 2128 943 2171 divine
948 2129 957 2171 ,

237 2199 411 2241 Cleanse
426 2199 511 2241 this
528 2199 659 2241 guilty
679 2199 798 2241 heart
817 2199 861 2241 of
875 2199 986 2241 mine
994 2199 1003 2241 ;

238 2266 350 2310 Long
369 2267 469 2309 hath
488 2266 549 2308 sin
557 2266 564 2308 ,
584 2264 758 2308 without
776 2263 939 2307 control
943 2264 952 2306 ,

238 2333 346 2375 Held
363 2333 574 2375 dominion
595 2333 680 2375 o'er
698 2333 766 2375 my
785 2333 877 2375 soul
879 2333 889 2375 .

641 1236 769 1269 ever
802 1236 869 1269 you
913 1236 980 1269 call
982 1236 991 1269 ,
1044 1235 1095 1273 He
1135 1235 1206 1272 will
1226 1234 1307 1272 take
1322 1234 1399 1271 care
1426 1234 1467 1271 of
1479 1233 1545 1271 you
1550 1233 1555 1270 ,
1568 1233 1657 1270 trust
1673 1233 1752 1270 Him
1761 1232 1813 1269 for
1832 1232 1880 1269 all
1881 1232 1890 1269 .

916 1289 969 1318 2

1360 1307 1503 1411 AIKN

237 2444 349 2488 Holy
365 2444 496 2487 Ghost
502 2444 510 2487 ,
529 2443 628 2486 with
644 2443 713 2486 joy
734 2441 870 2486 divine
876 2442 886 2485 ,

238 2512 371 2551 Cheer
387 2512 469 2551 this
489 2512 697 2551 saddened
713 2512 831 2551 heart
848 2512 893 2551 of
908 2512 1020 2551 mine
1027 2512 1037 2551 ;

239 2582 312 2622 Bid
331 2582 399 2622 my
418 2582 542 2622 many
559 2582 669 2622 woes
687 2582 835 2622 depart
839 2582 848 2622 ,

237 2644 342 2689 Heal
359 2645 428 2688 my
446 2643 647 2688 wounded
656 2643 662 2686 ,
681 2642 873 2687 bleeding
891 2641 1010 2685 heart
1015 2641 1025 2684 .

238 2760 346 2802 Holy
367 2759 492 2801 Spirit
498 2760 505 2800 ,
525 2759 578 2800 all
594 2758 735 2800 divine
741 2758 750 2798 ,

236 2827 368 2864 Dwell
384 2827 526 2864 within
545 2827 626 2864 this
644 2827 765 2864 heart
783 2827 827 2864 of
843 2827 953 2864 mine
960 2827 970 2864 ;

235 2892 335 2933 Cast
349 2892 471 2933 down
489 2892 615 2933 every
632 2892 717 2933 idol
722 2892 735 2933 -
742 2892 892 2933 throne
897 2892 907 2933 ,

235 2961 367 3010 Reign
384 2958 577 3007 supreme
596 2956 676 3003 and
694 2953 811 3002 reign
828 2951 949 3000 alone
953 2951 963 2997 .

1755 758 1842 789 swer
1856 755 1953 786 when-

1299 1626 1377 1665 MY
1400 1625 1565 1664 FAITH
1594 1624 1756 1663 LOOKS
1781 1624 1845 1662 UP
1869 1624 1929 1662 TO
1954 1622 2098 1662 THEE
2105 1623 2116 1661 .

1467 1724 1578 1763 Tune
1596 1724 1720 1763 Olivet
1723 1724 1758 1763 -
1765 1724 1848 1763 Key
1876 1724 1940 1763 E.

1236 1804 1307 1844 My
1324 1804 1430 1844 faith
1448 1804 1566 1844 looks
1585 1804 1639 1844 up
1657 1804 1700 1844 to
1717 1804 1816 1844 thee
1821 1804 1831 1844 ,

1235 1853 1351 1892 Thou
1369 1855 1495 1894 Lamb
1510 1857 1556 1895 of
1578 1857 1758 1897 Calvary
1763 1860 1773 1897 ,

1414 1912 1588 1944 Saviour
1606 1911 1743 1943 divine
1753 1912 1765 1942 :

1878 1325 1994 1431 #

1236 1964 1336 2005 Now
1356 1966 1458 2006 hear
1475 1967 1539 2007 me
1559 1968 1678 2009 while
1699 1970 1715 2009 I
1741 1970 1844 2011 pray
1849 1972 1859 2011 ,

1236 2020 1350 2062 Take
1367 2022 1423 2063 all
1439 2023 1509 2064 my
1524 2025 1631 2067 guilt
1647 2027 1764 2069 away
1767 2029 1779 2068 ,

1238 2082 1269 2120 O
1286 2082 1345 2120 let
1363 2082 1426 2120 me
1446 2082 1549 2120 from
1570 2082 1652 2120 this
1671 2082 1751 2120 day

1414 2134 1472 2177 Be
1489 2132 1641 2176 wholly
1658 2131 1773 2174 thine
1783 2131 1790 2172 !

1239 2215 1335 2256 May
1350 2215 1426 2256 thy
1444 2215 1532 2256 rich
1552 2215 1673 2256 grace
1691 2215 1846 2256 impart

1238 2269 1434 2312 Strength
1453 2269 1498 2312 to
1516 2269 1583 2312 my
1603 2269 1779 2312 fainting
1799 2269 1919 2312 heart
1924 2269 1932 2312 ,

1415 2323 1486 2365 My
1503 2323 1592 2366 zeal
1608 2324 1764 2367 inspire
1771 2326 1783 2367 !

1236 2373 1293 2413 As
1309 2374 1411 2414 thou
1427 2376 1523 2416 hast
1539 2377 1633 2417 died
1652 2379 1716 2418 for
1735 2380 1801 2419 me
1806 2381 1816 2419 ,

1238 2435 1268 2478 O
1285 2432 1381 2477 may
1398 2432 1466 2475 my
1484 2429 1581 2473 love
1596 2428 1642 2471 to
1660 2425 1758 2470 thee

1236 2492 1344 2534 Pure
1348 2492 1356 2534 ,
1376 2492 1502 2534 warm
1509 2492 1517 2534 ,
1538 2492 1615 2534 and
1634 2492 1878 2534 changeless
1894 2492 1945 2534 be
1950 2492 1960 2534 ,

1412 2549 1447 2588 A
1465 2545 1594 2587 living
1613 2544 1688 2585 fire
1695 2545 1710 2584 !

1238 2621 1370 2662 When
1390 2622 1491 2663 ends
1509 2623 1616 2663 life's
1637 2623 1841 2664 transient
1859 2624 1999 2665 dream
2008 2626 2017 2665 ,

1236 2681 1369 2722 When
1389 2681 1551 2722 death's
1570 2681 1661 2722 cold
1666 2681 1673 2722 ,
1695 2681 1827 2722 sullen
1846 2681 2001 2722 stream

1416 2736 1530 2768 Shall
1547 2736 1633 2768 o'er
1652 2736 1713 2769 me
1732 2737 1812 2769 roll
1819 2737 1830 2769 !

1238 2788 1351 2831 Blest
1369 2789 1542 2832 Saviour
1546 2791 1552 2832 ,
1573 2791 1673 2834 then
1681 2792 1687 2833 ,
1707 2792 1746 2834 in
1765 2792 1862 2835 love
1866 2794 1877 2835 ,

1235 2840 1340 2878 Fear
1355 2843 1438 2880 and
1454 2845 1626 2885 distrust
1645 2849 1817 2889 remove
1821 2853 1834 2888 ;

1237 2901 1268 2936 O
1287 2901 1384 2937 bear
1402 2902 1468 2938 me
1487 2903 1576 2940 safe
1592 2904 1727 2942 above
1732 2906 1741 2941 ,

1415 2961 1448 2994 A
1466 2959 1686 2994 ransomed
1704 2957 1795 2992 soul
1803 2958 1814 2991 !
