3042 2418
441 323 517 365 78

513 406 585 435 MRS
592 407 597 434 .
612 408 654 435 M.
668 408 701 435 P.
714 409 751 436 A.
767 409 913 438 CROZIER
917 411 923 438 .

539 491 576 526 9

539 539 579 574 8

588 512 628 553 y

439 836 629 889 9:20

509 885 628 917 28-2

440 1424 497 1477 9
477 1424 520 1477 :

513 643 545 669 1.
570 643 671 670 Come
715 644 754 670 to
799 643 850 679 me
854 643 861 678 ,
881 641 1018 678 Saviour
1020 642 1027 677 ,
1044 640 1138 677 come
1155 639 1227 676 now
1243 640 1279 675 in
1327 644 1383 680 my
1425 644 1513 680 grief
1514 644 1520 680 ,

513 696 545 723 2.
573 696 673 723 Come
717 696 754 723 to
799 697 850 731 me
855 697 862 730 ,
881 694 1021 730 Saviour
1022 694 1029 727 ,
1061 692 1113 727 for
1144 691 1228 725 dark
1258 690 1290 723 is
1335 696 1394 731 the
1417 696 1514 731 night
1517 696 1524 731 ,

512 749 546 787 3.
571 749 674 787 Come
689 749 770 787 with
786 749 842 787 the
859 749 1049 787 brightness
1060 749 1134 787 that
1145 749 1255 787 beams
1271 749 1304 787 in
1322 749 1393 787 Thy
1444 749 1517 787 face
1521 749 1527 787 ,

1335 817 1427 931 T

434 1913 522 1989 2

893 513 948 553 y
917 513 961 553 :

1131 322 1314 368 COME
1354 322 1435 368 TO
1466 322 1571 368 ME
1578 322 1588 368 ,
1623 322 1928 368 SAVIOUR
1936 322 1948 368 .

1109 410 1128 442 "
1139 410 1154 442 I
1167 410 1232 442 will
1244 410 1300 442 not
1311 410 1395 442 leave
1409 410 1469 442 you
1484 410 1678 442 comfortless
1685 410 1690 442 .
1696 410 1709 442 "
1719 410 1746 442 -
1758 410 1841 442 John
1856 410 1888 442 14
1896 410 1904 442 :
1916 410 1949 442 18
1951 410 1957 442 .

583 1613 751 1636 CHORUS
757 1613 763 1636 .

1445 1230 1512 1258 feel
1514 1230 1523 1257 ,

560 1229 630 1263 Thy
645 1229 741 1262 heart
752 1228 834 1262 hath
846 1228 967 1261 known
980 1228 1024 1261 all
1047 1227 1105 1261 the
1152 1231 1224 1263 an-
1236 1230 1337 1262 guish
1360 1230 1379 1261 I

559 1279 722 1316 Open
741 1281 832 1317 mine
853 1283 928 1319 eyes
975 1284 1011 1307 to
1055 1277 1095 1308 be
1110 1279 1124 1308 -
1139 1280 1218 1311 hold
1250 1283 1287 1313 at
1329 1286 1386 1317 my
1444 1281 1516 1315 side
1517 1282 1525 1314 ,

560 1331 660 1367 Come
663 1331 669 1366 ,
685 1331 749 1366 and
761 1332 841 1367 with
850 1332 921 1368 foot
924 1333 934 1368 -
937 1333 1025 1369 steps
1057 1333 1098 1369 as

1155 1329 1185 1362 si
1239 1330 1313 1363 lent
1342 1332 1410 1365 and
1438 1333 1515 1367 fleet
1516 1335 1526 1367 ,

2233 410 2352 438 FRANK
2369 412 2409 439 M.
2424 412 2528 440 DAVIS
2531 414 2538 440 .

1596 517 1657 588 ?

1568 644 1640 680 Thy
1664 644 1718 680 ten
1769 644 1825 680 der
1849 644 1920 680 pres
1925 644 1936 680 -
1938 644 2018 680 ence
2062 644 2088 680 is
2122 644 2222 680 sweet
2223 644 2235 680 -
2236 644 2288 680 est
2316 644 2354 680 re
2439 647 2501 680 lief
2506 648 2515 679 ;

1571 696 1674 731 Vain-
1688 696 1724 731 ly
1790 695 1808 728 I
1854 695 1931 729 seek
1962 696 2016 729 for
2033 696 2121 731 some
2137 697 2231 732 star's
2250 698 2302 731 fee
2303 698 2315 731 -
2316 699 2368 732 ble
2420 699 2507 734 light
2510 700 2516 733 ,

1576 749 1676 787 Come
1687 749 1767 787 with
1778 749 1834 787 the
1846 749 1955 787 smiles
1967 749 2003 787 of
2034 749 2104 787 Thy
2122 749 2190 787 mer
2207 749 2219 787 -
2233 749 2275 787 cy
2319 750 2385 777 and
2408 760 2506 788 grace
2508 762 2515 788 ,

1864 1245 1873 1248 M

2391 663 2403 667 -

1617 1231 1686 1264 Thy
1707 1230 1784 1263 love
1813 1230 1834 1261 a
1898 1228 1978 1265 lone
2015 1228 2061 1265 all
2105 1229 2179 1265 that
2198 1230 2238 1266 an
2242 1230 2253 1266 -
2255 1229 2352 1267 guish
2371 1231 2432 1267 can
2449 1231 2525 1269 heal
2527 1232 2535 1268 .

1616 1282 1657 1309 Je
1708 1281 1764 1319 sus
1796 1281 1851 1319 my
1896 1281 2078 1319 Saviour
2080 1281 2085 1319 ,
2107 1281 2160 1319 my
2180 1281 2250 1319 God
2255 1281 2261 1319 ,
2272 1281 2338 1319 and
2350 1281 2404 1319 my
2414 1281 2531 1319 Guide
2532 1281 2541 1319 .

1617 1334 1773 1371 Morning
1790 1334 1875 1371 shall
1892 1334 1984 1371 come
2001 1334 2081 1371 with
2099 1334 2170 1371 Thy
2187 1334 2271 1371 beau
2286 1334 2296 1371 -
2309 1334 2335 1371 ti
2351 1334 2361 1371 -
2377 1334 2433 1371 ful
2459 1334 2531 1371 feet
2532 1334 2541 1371 .

2240 1704 2303 1789 1
2316 1704 2392 1789 )

559 1817 658 1850 Come
675 1823 711 1853 to
734 1825 788 1856 me
789 1828 796 1856 ,
847 1819 1026 1852 Saviour
1031 1822 1037 1852 ,
1056 1822 1148 1853 come
1176 1824 1215 1855 to
1259 1830 1315 1848 me
1359 1820 1419 1860 Sav
1421 1820 1433 1859 -
1433 1820 1508 1859 iour
1510 1820 1516 1859 ,
1544 1819 1615 1859 Thy
1633 1819 1726 1858 heart
1744 1818 1824 1858 hath
1842 1817 1964 1858 known
1982 1817 2028 1856 all
2058 1817 2116 1856 the
2147 1816 2187 1856 an
2192 1816 2204 1855 -
2204 1816 2302 1855 guish
2348 1816 2367 1855 I

2433 1817 2504 1854 feel
2507 1822 2519 1854 ;
