2927 4012
331 321 401 366 32

330 1848 408 1931 9

416 2637 488 2671 met

321 2689 495 2792 92

323 3489 423 3578 9

508 572 559 619 4

526 801 564 834 1.
595 801 757 835 There's
778 803 845 837 the
884 804 946 838 mu
1027 802 1081 837 sic
1136 803 1183 835 of
1252 803 1317 846 the
1339 802 1441 845 birds
1444 802 1452 844 ,

525 871 565 901 2.
636 859 721 906 Tho
715 861 733 906 '
777 861 845 908 the
899 863 1086 912 little
1108 866 1212 913 birds
1242 868 1329 914 may
1349 869 1434 916 sing
1435 871 1445 916 ,

863 948 952 970 man
1017 941 1102 983 may
1141 939 1209 979 not
1250 936 1299 976 be
1316 931 1450 974 skilled

530 937 553 971 3
559 936 567 970 .

633 934 712 968 The

510 1051 556 1097 4

973 388 1118 444 The
1160 388 1490 444 Hammer
1532 388 1665 444 and
1706 388 1823 444 the
1864 388 2020 444 Saw
2031 388 2050 444 .

515 2936 727 2971 REFRAIN
735 2936 744 2971 .

535 3273 632 3306 Hail

553 3361 637 3388 Hail
693 3364 734 3389 to
808 3360 862 3389 lib

685 3276 730 3305 to
821 3268 1051 3315 liberty
1100 3270 1177 3315 and
1230 3270 1349 3317 peace
1357 3271 1368 3316 !

563 1579 720 1627 music
758 1579 803 1627 of
854 1579 920 1627 the
940 1579 996 1627 for
1009 1579 1022 1627 -
1035 1579 1091 1627 est
1108 1579 1167 1627 On
1218 1579 1283 1627 the
1304 1579 1426 1627 grand
1467 1579 1530 1627 old

1579 1579 1677 1627 trees
1686 1579 1693 1627 .
1735 1579 1795 1627 Na
1798 1579 1810 1627 -
1812 1579 1924 1627 ture's
1947 1579 2024 1627 sym
2034 1579 2046 1627 -
2060 1579 2134 1627 pho
2136 1579 2149 1627 -
2153 1579 2199 1627 ny
2257 1579 2286 1627 is
2305 1579 2419 1627 sweet
2423 1579 2429 1627 ,
2453 1579 2543 1627 And
2564 1579 2655 1627 with-

556 1648 617 1698 lar
631 1648 648 1697 -
660 1648 725 1697 der
741 1648 828 1697 may
856 1647 905 1696 be
921 1647 1003 1696 emp
1021 1647 1033 1696 -
1046 1647 1086 1696 ty
1108 1646 1198 1695 And
1216 1646 1281 1695 the
1303 1645 1428 1695 wheat
1449 1645 1538 1694 crop
1596 1644 1667 1693 low
1675 1644 1682 1693 .
1735 1644 1812 1693 But
1831 1643 1936 1693 when
1966 1643 2003 1692 la
2023 1643 2036 1692 -
2051 1642 2123 1692 bor
2140 1641 2276 1691 strikes
2290 1642 2313 1691 a
2328 1641 2417 1691 note
2422 1641 2430 1690 ,
2447 1641 2555 1690 Then
2570 1640 2636 1690 the

496 1713 643 1761 caught
658 1713 739 1761 and
754 1713 791 1761 in
805 1713 822 1761 -
835 1713 932 1761 spir-
948 1713 970 1761 a
990 1713 1003 1761 -
1015 1713 1094 1761 tion
1110 1713 1223 1761 From
1236 1713 1448 1761 ambition's
1469 1713 1581 1761 noble
1610 1713 1678 1761 fire
1685 1713 1695 1761 ;
1711 1713 1733 1761 "
1749 1713 1821 1761 I'll
1952 1713 2042 1757 earn
2056 1713 2118 1756 my
2132 1711 2251 1756 bread
2262 1712 2337 1755 and
2356 1711 2428 1754 bed
2435 1711 2441 1754 ,
2448 1711 2528 1754 Tho
2531 1710 2544 1753 '
2547 1710 2554 1753 ,
2559 1710 2577 1753 "
2595 1710 2645 1753 he

1005 3370 1044 3389 er

1518 801 1610 844 And
1663 801 1731 843 the
1788 815 1853 836 mu
1940 803 1992 833 sic
2030 803 2076 833 of
2154 801 2222 845 the
2242 801 2332 845 bees
2340 801 2350 845 ;
2380 801 2543 845 There's
2572 801 2640 845 the

1521 867 1612 903 And
1668 861 1737 909 the
1766 862 1969 911 balmy
2005 865 2101 913 zeph
2120 867 2135 913 -
2153 867 2216 914 yrs
2236 868 2337 916 blow
2342 869 2356 915 ;

1678 928 1749 972 the
1777 933 1875 979 harp

2157 932 2228 976 the
2242 936 2328 981 lyre
2327 940 2339 981 ,

2430 871 2513 901 Yet
2568 871 2635 901 the

2437 934 2516 968 But
2558 934 2658 968 have

1532 938 1608 968 For

1947 939 1992 972 or
2032 934 2096 967 for

1619 1289 1670 1325 (

1216 3360 1255 3396 ty
1285 3360 1359 3396 and
1374 3360 1488 3396 peace
1497 3360 1510 3396 !

547 2416 617 2446 out
673 2408 697 2457 a
731 2408 896 2457 single
914 2408 998 2457 flaw
1008 2408 1019 2457 ;
1024 2408 1102 2457 Yet
1117 2408 1260 2457 there's
1279 2408 1372 2457 noth
1374 2408 1385 2457 -
1390 2408 1452 2457 ing
1462 2408 1537 2457 like
1554 2408 1619 2457 the
1636 2408 1792 2457 music
1841 2408 1897 2457 of
1941 2408 2006 2457 the
2028 2408 2115 2457 ham
2118 2408 2129 2457 -
2133 2408 2210 2457 mer
2241 2408 2315 2457 and
2347 2408 2412 2457 the
2434 2408 2509 2457 saw
2513 2408 2522 2457 .

510 2473 622 2523 heart
636 2473 725 2523 that
739 2473 815 2523 was
845 2473 884 2523 in
906 2473 984 2523 awe
1033 2473 1121 2523 Dan
1137 2473 1152 2523 -
1164 2473 1222 2523 ces
1245 2473 1340 2523 light
1356 2473 1369 2523 -
1381 2473 1417 2523 ly
1459 2473 1498 2523 to
1548 2473 1613 2523 the
1633 2473 1799 2523 music
1840 2473 1897 2523 Of
1937 2473 2002 2523 the
2023 2473 2107 2523 ham
2116 2473 2128 2523 -
2129 2473 2206 2523 mer
2242 2473 2317 2523 and
2351 2473 2417 2523 the
2432 2473 2510 2523 saw
2513 2473 2523 2523 .

517 2544 611 2593 cries
618 2544 629 2592 ;
636 2544 660 2592 "
671 2544 694 2592 a
712 2543 817 2592 crust
829 2543 905 2591 and
920 2543 1035 2591 straw
1041 2542 1048 2590 ,
1056 2542 1182 2590 While
1197 2542 1271 2590 I'm
1283 2540 1460 2590 climbing
1472 2541 1510 2589 to
1547 2540 1612 2588 the
1632 2539 1786 2589 music
1839 2539 1898 2587 Of
1941 2539 2005 2587 the
2027 2538 2113 2587 ham
2116 2538 2128 2586 -
2131 2538 2207 2586 mer
2243 2537 2319 2586 and
2347 2537 2414 2585 the
2430 2537 2506 2585 saw
2503 2537 2521 2585 .
2520 2537 2543 2585 "

1889 823 1901 828 1

1613 3271 1708 3304 Hail
1781 3273 1823 3303 to

1624 3359 1711 3387 Hail
1785 3361 1827 3386 to

2156 507 2196 547 G.
2222 509 2282 548 W.
2308 510 2427 551 Lyons
2431 512 2441 550 .
2487 513 2543 552 By
2559 514 2623 554 per
2625 516 2637 554 .

2197 1101 2208 1112 S

1918 3367 1960 3387 or

2006 3374 2017 3379 mn

2272 1901 2292 1913 119

2308 3142 2373 3206 z
2370 3142 2396 3205 :

1919 3270 1958 3314 or
1961 3270 1973 3313 -
1976 3268 2040 3313 der
2044 3269 2051 3312 ,
2059 3266 2240 3312 Heav'n's
2253 3265 2336 3310 first
2348 3264 2422 3308 law
2428 3264 2442 3307 !

2089 3357 2156 3391 der
2159 3357 2169 3390 ,

2276 3356 2376 3387 Heay
2380 3357 2392 3386 -
2394 3355 2469 3386 en's
2487 3355 2558 3385 law
2572 3355 2584 3384 !
