2397 3060
273 261 387 301 No.
411 261 505 301 27
501 261 516 301 .

271 409 358 498 1
268 409 361 498 .

409 415 496 474 54

449 479 492 519 4

270 1092 346 1214 18

368 884 485 920 254

345 925 485 959 2-54

1517 578 1607 618 land
1630 578 1678 618 of

1753 575 1845 610 bliss
1849 577 1862 609 -
1864 577 1924 611 ful
1946 579 2026 612 rest
2028 580 2037 612 ,

698 621 866 658 fitting
908 621 956 658 up
982 621 1062 658 that
1079 621 1161 658 man
1166 621 1177 658 -
1181 621 1262 658 sion
1269 621 1275 658 ,
1284 621 1416 658 Which
1429 621 1446 658 e
1518 621 1576 658 ter
1631 621 1809 658 nally
1842 621 1937 658 shall
1949 621 2059 658 stand
2064 621 2073 658 ,

427 665 463 704 3.
487 665 576 704 Pain
602 665 671 704 nor
690 665 768 704 sick
772 665 784 704 -
789 665 872 704 ness
889 665 989 704 ne'er
1002 665 1096 704 shall
1109 665 1151 704 en
1165 665 1178 704 -
1191 665 1245 704 ter
1251 665 1258 704 ,
1267 665 1373 704 Grief
1399 665 1467 704 nor
1508 665 1590 704 woe
1629 665 1690 704 my
1767 664 1825 695 lot
1842 665 1940 697 shall
1950 668 2060 699 share
2066 670 2075 699 ,

426 709 463 749 4.
480 709 601 749 Death
621 709 649 749 it
691 709 766 749 self
784 709 879 749 shall
895 709 986 749 then
1013 709 1056 749 be
1070 709 1299 749 vanquished
1305 709 1311 749 ,
1320 709 1398 749 And
1414 709 1470 749 his
1496 709 1597 749 sting
1631 709 1727 749 shall
1773 709 1817 749 be
1836 709 2062 749 withdrawn
2074 709 2083 749 ;

425 755 462 795 5.
488 755 579 795 Sing
584 755 590 795 ,
611 755 639 795 O
682 755 765 795 sing
773 755 778 795 ,
807 755 850 795 ye
887 755 983 795 heirs
1013 755 1056 795 of
1083 755 1143 795 glo
1162 755 1175 795 -
1193 755 1232 795 ry
1239 755 1244 795 ,
1276 755 1394 795 Shout
1411 755 1504 795 your
1522 755 1738 795 triumph
1773 755 1812 795 as
1852 755 1927 795 you
1965 755 2016 795 go
2027 755 2039 795 ;

345 1622 422 1659 bb

427 578 461 618 1.
508 578 563 618 To
598 578 663 618 the
679 578 866 618 promised
885 578 994 618 home
1005 578 1043 618 in
1078 578 1138 618 glo
1157 578 1170 618 -
1187 578 1227 618 ry
1234 578 1240 618 ,
1291 578 1344 618 To
1391 578 1476 618 that

618 625 649 655 is

427 628 462 654 2.
504 628 559 654 He

420 1586 448 1628 b
459 1586 501 1628 F

428 1748 597 1776 REFRAIN
606 1750 614 1776 .

775 253 968 299 REST
1015 253 1214 299 OVER
1261 253 1559 299 JORDAN
1569 253 1583 299 .

453 1253 516 1293 My
563 1253 615 1293 Re
618 1253 631 1293 -
632 1253 736 1293 deem
755 1253 767 1293 -
785 1253 862 1293 er's
901 1253 997 1293 gone
1023 1253 1067 1293 be
1080 1253 1091 1293 -
1103 1253 1185 1293 fore
1233 1253 1290 1293 me
1296 1253 1303 1293 ,
1347 1253 1399 1293 To
1425 1253 1490 1293 pre
1492 1253 1504 1293 -
1507 1253 1596 1293 pare
1636 1253 1655 1293 a
1697 1253 1779 1293 man
1784 1253 1795 1293 -
1799 1253 1879 1293 sion
1886 1253 1893 1293 ,
1908 1253 2005 1293 blest
2011 1253 2019 1293 .

449 1301 521 1338 For
561 1301 620 1337 my
655 1300 737 1336 stay
785 1298 880 1336 shall
905 1299 971 1335 not
1023 1297 1070 1334 be
1104 1297 1187 1334 tran
1191 1297 1203 1334 -
1207 1297 1304 1334 sient
1352 1297 1395 1334 In
1420 1297 1502 1334 that
1528 1297 1657 1334 holy
1664 1297 1670 1334 ,
1698 1297 1869 1334 happy
1913 1297 2004 1334 land
2009 1297 2020 1334 .

920 1340 1001 1372 les-
1017 1341 1084 1373 tial
1108 1342 1174 1374 cen
1192 1343 1206 1373 -
1230 1343 1287 1375 tre
1292 1344 1300 1374 ,
1358 1343 1380 1371 I
1449 1342 1469 1372 a
1481 1342 1607 1372 crown
1624 1342 1667 1372 of

447 1346 521 1372 But
556 1346 595 1370 in
655 1344 740 1371 that
786 1352 829 1372 ce

415 1383 535 1420 Shout
560 1385 624 1421 for
656 1387 744 1423 glad
759 1388 867 1425 -ness
872 1390 882 1424 ,

1706 1342 1773 1372 life
1801 1342 1897 1372 shall
1915 1342 2013 1372 wear
2019 1342 2027 1372 .

1712 1387 1872 1424 rising
1909 1387 2014 1424 morn
2021 1387 2028 1424 .

1719 1429 1895 1466 entrance
1906 1430 2070 1467 through
2077 1431 2085 1466 .

453 1432 637 1468 Zion's
657 1432 745 1468 gate
784 1432 863 1468 will

373 1790 405 1832 2
420 1790 449 1832 b

393 1833 425 1870 b

1415 338 1497 378 GEO
1504 340 1513 378 .
1530 340 1575 380 B.
1593 341 1821 382 HOLSINGER
1824 344 1832 382 ,
1851 344 1898 384 by
1915 345 1982 385 per
1986 346 1996 384 .

368 2071 410 2117 b
389 2076 435 2123 -
413 2082 453 2128 b

352 2122 439 2159 0-2

421 2609 446 2648 b

872 1360 883 1365 1

1471 640 1483 644 -

1600 640 1610 643 S

1304 1793 1412 1904 L

1730 1790 1961 1928 af

443 1954 513 1987 Yes
520 1954 526 1986 ,
531 1952 635 1986 there
647 1953 677 1985 is
703 1951 782 1985 rest
830 1953 852 1991 o
861 1953 878 1991 -
888 1953 954 1991 ver
976 1953 1046 1991 Jor
1048 1953 1059 1991 -
1062 1953 1164 1991 dan's
1179 1953 1314 1991 waters
1322 1953 1328 1991 ,
1335 1953 1423 1991 Rest
1464 1953 1527 1991 for
1546 1953 1636 1991 such
1662 1953 1701 1991 as
1714 1953 1814 1991 from
1829 1953 1886 1991 sin
1901 1953 1963 1991 are
1978 1953 2059 1991 free
2070 1953 2079 1991 ;

1021 1387 1068 1424 ye
1106 1387 1173 1424 ran
1175 1387 1187 1424 -
1191 1387 1319 1424 somed
1326 1387 1332 1424 ,
1340 1387 1423 1424 Hail
1436 1387 1526 1424 with
1535 1387 1599 1424 joy
1615 1387 1677 1424 the

940 1432 1086 1470 open
1114 1431 1175 1468 for
1221 1430 1294 1467 you
1301 1430 1307 1466 ,
1330 1429 1409 1467 You
1423 1428 1519 1466 shall
1531 1427 1605 1464 find
1623 1427 1670 1464 an

1826 1572 1866 1611 8

1891 2406 1934 2429 -6
1958 2406 1966 2429 .

463 2454 554 2479 Rest
602 2454 665 2479 for
733 2454 786 2482 all
852 2454 936 2481 who
984 2457 1090 2485 come
1111 2456 1154 2482 to
1217 2455 1260 2489 Je
1311 2455 1372 2488 sus
1379 2455 1386 2488 ,
1414 2453 1505 2487 Rest
1551 2453 1615 2487 for
1675 2457 1747 2494 you
1774 2456 1848 2493 and
1886 2455 1943 2491 me
1949 2456 1956 2491 .

1893 2585 1997 2656 155

2005 2333 2029 2375 23

2065 2592 2081 2617 N
