2100 3279
320 250 429 313 No.
462 255 503 314 8
502 257 519 315 .

323 344 357 369 A.
373 344 405 368 P.
422 342 505 368 COBB
510 343 517 367 .

275 434 355 526 S

273 779 326 831 9
317 778 347 830 :

342 1391 365 1420 D

405 412 481 464 54

373 454 475 510 -24

340 1926 365 1956 b-

365 581 395 625 1.
418 581 494 624 Are
502 581 576 624 you
589 580 702 624 ready
715 580 771 623 for
784 579 881 623 your
894 579 996 622 Lord
999 579 1005 622 ,
1018 577 1157 622 should
1171 578 1218 621 he
1231 578 1337 621 come
1346 577 1360 620 ?
1374 576 1511 620 should
1525 577 1572 620 he
1585 576 1690 619 come
1701 576 1716 619 ?
1728 576 1801 619 Are
1812 575 1886 618 you

363 628 397 661 2.
425 627 481 660 Oh
488 628 495 659 ,
506 625 618 659 there
630 624 673 656 '11
718 623 764 655 be
815 625 853 666 re
871 624 1029 666 -joicing
1043 624 1152 665 when
1171 624 1217 664 he
1229 623 1356 664 comes
1366 623 1381 663 ?
1395 623 1503 663 when
1522 623 1567 663 he
1583 622 1709 663 comes
1722 622 1731 662 !
1743 622 1781 662 If
1789 622 1843 662 we

817 670 961 705 enter
994 670 1031 705 in
1046 670 1153 705 when
1173 670 1220 705 he
1231 670 1356 705 comes
1367 670 1381 705 ?
1396 670 1505 705 when
1525 670 1571 705 he
1586 670 1712 705 comes
1723 670 1732 705 !
1745 670 1797 705 To
1810 670 1879 705 the

366 670 399 705 3.
424 670 494 705 See
505 670 516 705 !
561 670 629 705 the
646 670 768 705 saints

267 2075 403 2186 $

437 777 475 812 4

446 1147 566 1189 ready

447 1192 541 1221 hear

646 255 719 332 Be
744 253 939 331 Ready
966 251 1163 328 When
1190 250 1272 326 He
1295 247 1478 325 Comes
1481 248 1500 323 .

645 1142 706 1177 for
722 1144 783 1179 his
830 1147 916 1182 sum

1009 1142 1121 1181 mons
1135 1142 1251 1182 home
1259 1143 1274 1181 ?
1286 1143 1299 1181 (
1301 1143 1498 1182 summons
1513 1144 1627 1184 home
1638 1145 1650 1183 ?
1655 1145 1663 1183 )
1681 1145 1781 1184 Does
1792 1146 1887 1184 your

673 1188 750 1231 him
778 1188 913 1231 saying
922 1188 937 1231 :
945 1188 967 1231 "
970 1188 1151 1231 Children
1163 1188 1270 1231 come
1281 1188 1291 1231 !
1303 1188 1316 1231 (
1316 1188 1333 1231 "
1339 1188 1522 1231 Children
1536 1188 1643 1231 come
1655 1188 1664 1231 !
1663 1188 1675 1231 )
1690 1188 1804 1231 Come
1807 1188 1815 1231 ,
1826 1188 1875 1231 ye

446 1233 626 1274 wedding
637 1233 748 1274 when
762 1233 827 1274 the
842 1233 951 1274 Bride
967 1233 980 1274 -
991 1233 1127 1274 groom
1141 1233 1268 1274 comes
1280 1233 1289 1274 !
1304 1233 1317 1274 (
1314 1233 1425 1274 when
1440 1233 1487 1274 he
1502 1233 1627 1274 comes
1640 1233 1649 1274 !
1650 1233 1661 1274 )
1677 1233 1853 1274 Brightly

766 1290 931 1391 49

454 2236 571 2277 ready

453 2283 500 2310 be

453 2326 577 2355 saints

432 1662 505 1703 anx
508 1662 521 1703 -
522 1662 609 1703 ious
627 1662 711 1703 spir
731 1662 744 1703 -
768 1662 800 1703 it
823 1662 920 1703 burn
928 1662 935 1703 ,
976 1662 1048 1703 His

1106 1668 1153 1705 ap
1155 1669 1169 1704 -
1170 1665 1370 1704 pearing
1400 1663 1443 1699 to

1505 1656 1564 1695 dis
1566 1659 1580 1695 -
1582 1659 1670 1698 cern
1681 1662 1696 1698 ?
1708 1663 1781 1701 Are
1789 1665 1865 1704 you

432 1707 531 1738 bless
535 1708 548 1737 -
549 1708 596 1737 ed
644 1718 690 1736 en
755 1707 814 1746 ter
852 1707 890 1746 in
897 1707 904 1746 ,
948 1707 966 1746 I
976 1707 1071 1746 have
1086 1707 1249 1746 cleans'd
1264 1707 1339 1746 you
1354 1707 1449 1746 from
1467 1707 1515 1746 all
1531 1707 1589 1746 sin
1604 1707 1613 1746 !
1616 1707 1629 1746 "
1648 1707 1704 1746 Oh
1711 1707 1717 1746 ,
1730 1707 1838 1746 there
1849 1707 1888 1746 '11

431 1752 601 1790 burning
644 1752 681 1788 is
742 1751 832 1789 each
848 1750 946 1788 light
952 1751 958 1787 ,
975 1750 1060 1787 And
1098 1750 1138 1786 in
1203 1751 1368 1790 raiment
1383 1751 1473 1790 spot
1473 1751 1486 1790 -
1488 1751 1563 1790 less
1580 1751 1692 1790 white
1698 1751 1704 1790 ,
1718 1751 1789 1790 See
1798 1751 1809 1790 !
1819 1751 1889 1790 the

718 1726 730 1730 1

1533 344 1561 372 J.
1579 344 1618 372 H.
1636 344 1813 374 FILLMORE
1817 346 1824 374 .

650 2235 687 2278 if
724 2233 823 2276 your
867 2230 968 2274 Lord

678 2293 719 2311 re

650 2331 697 2356 n
714 2330 729 2354 -
743 2328 803 2353 ter

1194 2072 1338 2184 4

1061 2233 1202 2268 should
1226 2236 1336 2271 come
1344 2238 1362 2270 ?

850 2279 998 2323 joicing
1022 2279 1133 2323 when
1167 2279 1214 2323 he
1232 2279 1357 2323 comes
1372 2279 1380 2323 !
1397 2279 1452 2323 Oh
1460 2279 1466 2323 ,
1484 2279 1529 2323 be
1543 2279 1657 2323 ready
1702 2279 1762 2323 for
1804 2279 1886 2323 him

870 2325 915 2355 in
1005 2326 1114 2356 when
1162 2326 1212 2355 he
1227 2326 1356 2357 comes
1367 2327 1377 2356 !

1064 2420 1202 2513 2

1330 2427 1446 2524 E

402 2918 432 2946 -D

340 2942 363 2968 B

308 2999 491 3034 Copyright
496 3000 501 3032 ,
516 2998 580 3032 1890
584 2999 589 3031 ,
606 2999 646 3031 by
665 2997 823 3031 Fillmore
838 2995 927 3029 Bros.

1391 2032 1578 2053 CHORUS
1584 2032 1593 2053 .

1208 2608 1374 2738 A4X

1487 2626 1609 2714 E

401 2788 511 2828 when
535 2788 585 2828 he
599 2788 726 2828 comes
739 2788 747 2828 !
759 2788 868 2828 when
883 2788 930 2828 he
943 2788 1070 2828 comes
1085 2788 1094 2828 !
1104 2788 1161 2828 Oh
1167 2788 1173 2828 ,
1185 2788 1229 2828 be
1242 2788 1356 2828 ready
1369 2788 1429 2828 for
1443 2788 1520 2828 him
1535 2788 1645 2828 when
1661 2788 1708 2828 he
1720 2788 1849 2828 comes
1856 2788 1873 2828 !

1576 2869 1631 2914 i

1576 2929 1617 2954 z

1044 3002 1078 3024 10
