2049 3088
290 263 389 305 No.
411 263 536 305 209.
626 248 692 315 Is
726 248 811 314 my
839 246 1003 314 name
1032 245 1228 313 written
1260 244 1417 312 There
1424 245 1453 311 ?

292 410 363 438 Mrs.
377 409 471 437 MARY
490 409 525 436 A.
542 408 666 437 KIDDER
671 408 679 435 .

364 601 394 627 1.
419 601 490 627 Lord
493 601 500 627 ,
512 601 529 627 I
576 599 637 628 care
662 599 710 627 not
734 599 778 627 for

365 642 395 674 2.
419 642 492 674 Lord
493 642 500 674 ,
508 642 554 674 my
579 642 635 674 sins
648 642 716 674 they
734 642 782 674 are

367 686 392 713 3.
421 686 459 712 Oh
467 686 474 712 !
496 686 559 712 that
573 685 665 712 beau-
679 685 699 711 ti
711 685 722 711 -
733 685 778 711 ful

304 807 419 839 2564

324 1295 391 1329 bb

468 344 487 377 "
500 344 619 377 Rejoice
629 344 751 377 because
764 344 836 377 your
849 344 946 377 names
959 344 1008 377 are
1020 344 1132 377 written
1145 344 1174 377 in
1188 344 1297 377 heaven
1301 344 1308 377 .
1311 344 1325 377 "
1332 344 1360 377 -
1367 344 1457 377 LUKE
1473 344 1506 377 10
1512 344 1524 377 ;
1540 344 1575 377 20
1573 344 1582 377 .

326 2248 395 2288 bb

309 2278 341 2308 26
338 2281 364 2310 -
346 2282 374 2311 b

454 1213 465 1218 19

388 1110 539 1139 heaven
543 1110 549 1139 ,
583 1110 600 1139 I
635 1110 725 1139 would
744 1110 808 1139 en-
831 1110 876 1139 ter

925 1111 976 1134 the
996 1111 1054 1134 fold
1059 1111 1064 1134 .
1093 1111 1130 1134 In
1174 1109 1224 1142 the
1236 1109 1306 1142 book
1341 1109 1374 1142 of
1404 1109 1466 1142 Thy
1481 1109 1552 1142 king
1554 1109 1563 1142 -
1565 1109 1625 1142 dom
1631 1109 1637 1142 ,
1641 1109 1718 1142 With
1735 1109 1772 1142 its

388 1152 546 1181 Saviour
553 1152 561 1179 !
582 1152 615 1179 Is
670 1156 738 1178 suf-
755 1156 776 1177 fi
822 1154 898 1185 cient
925 1154 970 1184 for
1004 1155 1049 1185 me
1060 1155 1067 1185 ;
1089 1155 1144 1186 For
1171 1156 1232 1186 Thy
1241 1156 1330 1188 prom-
1336 1157 1378 1187 ise
1425 1153 1451 1183 is
1483 1153 1548 1183 writ
1555 1153 1565 1183 -
1572 1153 1619 1183 ten
1623 1153 1629 1183 ,
1636 1153 1673 1183 In
1706 1153 1806 1183 bright

387 1200 424 1222 be
491 1199 554 1233 ings
557 1199 563 1232 ,
582 1199 620 1232 In
653 1198 725 1231 pure
740 1198 790 1231 gar
793 1197 803 1230 -
804 1196 895 1231 ments
928 1196 960 1230 of
974 1195 1061 1229 white
1067 1196 1074 1229 ;
1089 1194 1193 1229 Where
1199 1195 1236 1228 no

1270 1208 1289 1223 e-

1335 1199 1377 1229 vil
1399 1199 1484 1229 thing
1491 1199 1550 1229 com
1559 1199 1570 1229 -
1578 1199 1624 1229 eth
1628 1199 1634 1229 ,
1641 1199 1682 1229 To

1737 1200 1773 1222 de-

408 1966 535 1993 CHORUS
537 1966 546 1993 ,

294 2172 406 2197 CHORUS
418 2172 461 2197 for
472 2172 507 2197 2d
521 2172 542 2197 &
554 2172 592 2197 3d

293 2207 388 2237 Verses
390 2207 396 2237 .
409 2207 461 2237 Yes
464 2207 470 2237 ,
500 2207 547 2237 my
579 2207 682 2237 name's
685 2207 690 2237 ,
704 2207 724 2237 &
727 2207 741 2237 c
741 2207 749 2237 .

792 663 800 668 .

417 2571 457 2596 In

416 1626 543 1653 pages
579 1624 612 1649 so
661 1621 715 1652 fair
718 1621 723 1652 ,
742 1621 802 1652 Tell
837 1621 880 1652 me
883 1621 889 1652 ,
911 1621 947 1652 Je
957 1621 969 1652 -
983 1621 1031 1652 sus
1034 1621 1039 1652 ,
1059 1621 1107 1652 my
1132 1621 1185 1652 Sav
1191 1621 1204 1652 -
1209 1621 1274 1652 iour
1275 1621 1282 1652 ,
1307 1621 1340 1652 Is

1382 1627 1428 1653 my
1442 1624 1523 1652 name
1531 1624 1596 1650 writ
1594 1623 1604 1648 -
1606 1622 1654 1649 ten
1671 1620 1753 1647 there
1758 1620 1771 1645 ?

414 1664 546 1697 letters
565 1664 630 1697 that
645 1664 717 1697 glow
721 1664 726 1697 ,
741 1664 755 1697 "
765 1664 824 1697 Tho
827 1664 835 1697 '
841 1664 912 1697 your
919 1664 976 1697 sins
993 1664 1028 1697 be
1071 1665 1101 1696 as
1126 1665 1187 1695 scar
1199 1665 1212 1695 -
1220 1665 1260 1695 let
1262 1665 1269 1695 ,
1304 1665 1320 1695 I
1369 1664 1429 1694 will
1439 1664 1520 1694 make
1528 1664 1604 1694 them
1612 1663 1670 1694 like
1683 1663 1757 1693 snow
1760 1663 1768 1693 .

418 1710 487 1741 spoil
494 1708 570 1739 what
584 1706 610 1736 is
657 1710 713 1741 fair
720 1710 728 1741 ;
741 1710 844 1741 Where
851 1710 900 1741 the
918 1710 954 1741 an
962 1710 974 1741 -
984 1710 1044 1741 gels
1063 1710 1113 1741 are
1120 1710 1209 1741 watch
1214 1710 1224 1741 -
1225 1710 1275 1741 ing
1279 1710 1284 1741 ,
1305 1710 1358 1741 Yes
1363 1710 1368 1741 ,
1379 1710 1427 1741 my
1436 1710 1540 1741 name's
1549 1710 1663 1741 written
1677 1710 1759 1741 there
1760 1710 1767 1741 .

802 597 923 627 riches
928 598 932 626 ,
944 598 1028 626 Neith
1032 598 1041 626 -
1042 597 1071 626 er
1121 597 1155 628 sil
1167 597 1178 627 -
1185 597 1233 627 ver
1260 596 1312 627 nor
1325 596 1389 626 gold
1399 596 1405 626 ;
1427 596 1441 626 I
1465 594 1555 625 would
1564 594 1646 625 make
1653 594 1717 624 sure
1737 594 1770 624 of

811 642 858 674 ma
870 642 880 674 -
891 642 927 674 ny
932 642 936 674 ,
947 642 1015 674 Like
1028 642 1077 674 the
1097 642 1179 674 sands
1202 642 1233 674 of
1265 642 1314 674 the
1343 642 1389 674 sea
1392 642 1397 674 ,
1423 642 1480 674 But
1492 642 1553 674 Thy
1562 642 1642 674 blood
1646 642 1652 674 ,
1659 642 1694 674 oh
1697 642 1703 674 ,
1730 642 1779 674 my

820 686 925 716 city
929 686 936 716 ,
945 686 1022 716 With
1034 686 1071 716 its
1105 686 1169 716 man
1172 686 1181 716 -
1183 686 1256 716 sions
1274 686 1305 716 of
1331 686 1405 716 light
1408 686 1413 716 ,
1425 686 1501 716 With
1511 686 1547 716 its
1583 686 1628 716 glo
1647 686 1660 716 -
1674 686 1789 716 rified

417 2129 450 2151 Is
497 2137 547 2159 my
593 2131 674 2155 name
709 2129 804 2153 writ-
823 2127 871 2151 ten

794 1170 803 1174 1

607 2679 728 2783 E

1473 407 1582 435 FRANK
1599 408 1642 435 M.
1657 408 1756 436 DAVIS
1759 409 1767 435 .

923 2131 1003 2159 there
1004 2131 1010 2158 ,
1085 2131 1129 2154 On

500 2574 550 2596 the
583 2574 654 2596 book
707 2575 738 2595 of
805 2574 866 2606 Thy
889 2574 1063 2608 kingdom
1067 2576 1074 2607 ,
1124 2577 1155 2597 Is
1210 2583 1255 2604 my
1283 2580 1365 2602 name

910 2619 945 2649 2d
960 2619 981 2649 &
994 2619 1029 2649 3d
1041 2619 1076 2649 V.
1074 2619 1098 2649 -
1109 2619 1161 2650 Yes
1166 2620 1171 2650 ,
1212 2620 1257 2650 my
1272 2620 1376 2651 name's
1378 2621 1384 2651 ,
1394 2621 1415 2651 &
1418 2621 1432 2651 c
1435 2621 1442 2651 .

1002 2814 1069 2840 148

1195 2130 1246 2162 the
1288 2129 1361 2161 page
1386 2128 1473 2159 white
1511 2126 1570 2158 and

1536 2451 1626 2534 3

1647 2128 1702 2152 fair
1708 2130 1721 2152 ?

1402 2576 1494 2597 writ-
1516 2576 1564 2597 ten
1610 2576 1691 2596 there
1693 2576 1706 2596 ?

1810 1600 1838 1666 Used
1809 1674 1835 1708 by
1807 1717 1834 1762 per
1807 1761 1832 1770 .
