2204 3267
299 288 403 309 NELLIE
424 287 566 308 EDWARDS
570 288 576 307 .

246 671 307 731 9
293 668 327 724 :
334 660 388 719 4

319 719 380 752 94

241 1810 313 1871 9

297 486 329 523 1.
358 486 482 523 When
497 486 565 523 the
598 486 755 523 Saviour
778 486 860 523 said
867 486 874 523 ,
881 486 897 523 "
910 486 975 523 Let
1000 486 1066 523 the
1086 486 1259 523 children
1278 486 1384 523 come
1389 486 1400 523 ,
1400 486 1416 523 "
1436 486 1456 523 I

295 530 330 567 2.
358 530 483 567 When
496 530 564 567 the
596 530 754 567 Saviour
780 530 860 567 said
871 530 889 567 "
900 530 991 567 Now
1003 530 1072 567 con
1079 530 1090 567 -
1092 530 1173 567 vert
1186 530 1199 567 -
1215 530 1260 567 ed

1322 530 1370 567 be
1373 530 1382 567 ,
1388 530 1406 567 "
1437 530 1458 567 I

297 573 329 614 3.
359 573 484 614 When
497 573 566 614 the

598 573 754 616 Saviour
779 574 861 615 said
889 575 907 616 "
927 575 944 616 I
985 575 1063 616 will
1078 575 1202 617 crown
1219 576 1281 617 my
1300 576 1384 617 own
1389 576 1396 617 ,
1401 576 1417 617 "
1436 577 1457 618 I

249 2079 341 2161 SP

351 358 385 393 4

344 404 385 439 4

239 2338 322 2395 9

237 2815 294 2872 19
283 2815 314 2871 :

431 380 469 407 A

629 1495 852 1617 H

316 1638 415 1673 lieve
430 1639 518 1674 that
531 1640 591 1675 He
602 1641 732 1675 meant
745 1642 806 1677 me
810 1643 818 1676 .

316 1683 416 1718 lieve
431 1684 517 1719 that
533 1685 590 1719 He
603 1685 731 1720 meant
742 1687 803 1720 me
807 1688 814 1721 .

314 1726 414 1760 lieve
444 1728 502 1761 He
522 1728 601 1762 will
611 1729 703 1763 hear
743 1730 802 1764 me
806 1731 812 1763 .

813 195 894 236 HE
924 195 1153 236 MEANT
1183 195 1273 236 ME
1273 195 1286 236 .

308 2861 332 2890 -b-

344 1075 403 1116 He
419 1075 552 1116 meant
565 1075 627 1116 me
631 1075 641 1116 ;
689 1075 761 1116 For
793 1075 832 1116 of
872 1075 967 1116 such
983 1075 1047 1116 are
1063 1075 1157 1116 they
1196 1075 1235 1116 in
1254 1075 1322 1116 the
1336 1075 1520 1116 heav'nly
1534 1075 1649 1116 home
1654 1075 1660 1116 ,
1696 1075 1715 1116 I

343 1119 403 1160 He
418 1119 549 1160 meant
566 1119 628 1160 me
632 1119 638 1160 ;
690 1119 758 1160 For
792 1119 831 1160 of
869 1119 963 1160 such
996 1119 1034 1160 as
1064 1119 1157 1160 they
1170 1119 1267 1160 shall
1282 1119 1350 1160 the
1361 1119 1540 1160 kingdom
1576 1119 1637 1160 see
1640 1119 1647 1160 ,
1698 1119 1715 1160 I

344 1161 403 1205 He
422 1161 551 1205 meant
570 1161 631 1205 me
634 1161 642 1205 ;
663 1161 787 1205 When
804 1161 870 1205 the
883 1161 1064 1205 heav'nly
1080 1161 1188 1205 choir
1198 1161 1283 1205 sing
1297 1161 1444 1205 around
1454 1161 1521 1205 the
1534 1161 1673 1205 throne
1676 1161 1684 1205 ,
1698 1161 1716 1205 I

350 2609 398 2646 g

915 1444 1106 1466 CHORUS

905 2075 1013 2139 7
951 2075 1024 2139 :

367 2188 386 2222 I
433 2188 479 2224 be
485 2189 495 2223 -
498 2189 596 2225 lieve
607 2190 693 2226 that
708 2192 766 2227 He
781 2193 908 2230 meant
921 2194 981 2230 me
985 2196 994 2230 ;

290 2963 420 2988 Copyright
424 2963 428 2988 ,
445 2963 498 2988 1897
503 2963 507 2988 ,
522 2963 552 2988 by
567 2963 661 2988 Charlie
682 2963 710 2988 D.
723 2963 824 2988 Tillmrn
830 2963 836 2988 .

915 1636 934 1671 I
974 1636 1022 1671 be
1026 1636 1037 1671 -
1038 1636 1136 1673 lieve
1153 1637 1238 1674 that
1257 1639 1314 1675 He
1327 1639 1459 1676 meant
1469 1640 1530 1677 me
1534 1641 1542 1676 ,

1481 1481 1523 1511 +

941 2233 1030 2269 that
1043 2236 1103 2271 He
1112 2238 1244 2275 meant
1257 2242 1318 2277 me
1322 2244 1332 2277 ;

1557 286 1615 308 RAN
1621 286 1626 308 .
1639 286 1663 308 C.
1679 286 1790 310 STOREY
1791 287 1798 309 .

1526 489 1573 519 be
1578 489 1589 519 -
1590 489 1689 519 lieve
1735 489 1823 520 that

1524 530 1575 564 be
1576 532 1588 564 -
1589 531 1689 566 lieve
1734 534 1822 569 that

1527 576 1573 610 be
1578 576 1589 610 -
1592 576 1689 611 lieve
1736 577 1822 613 that

1337 2318 1464 2411 66

1773 1075 1821 1116 be-

1771 1119 1822 1160 be-

1774 1166 1822 1196 be-

1283 2191 1406 2222 When
1423 2191 1481 2222 He
1492 2191 1582 2222 took
1595 2191 1701 2222 them
1717 2191 1755 2222 in
1771 2191 1840 2222 His

1662 2584 1775 2690 #

314 2723 413 2765 arms
420 2723 427 2765 ,
454 2723 505 2765 To
524 2723 596 2765 His
635 2723 683 2765 bo
688 2723 698 2765 -
700 2723 779 2765 som
808 2723 904 2765 they
919 2723 1015 2765 were
1026 2723 1143 2765 borne
1146 2723 1153 2765 ,
1176 2723 1192 2765 I
1241 2723 1387 2765 believe
1413 2723 1499 2765 that
1519 2723 1579 2765 He
1590 2723 1719 2765 meant
1738 2723 1797 2765 me
1798 2723 1805 2765 .

1835 202 1866 237 5

1480 1726 1568 1760 that
1580 1728 1638 1760 He
1650 1729 1779 1763 meant
1790 1732 1850 1764 me
1852 1734 1862 1765 ,

1750 2312 1808 2409 6
