2470 3761
507 583 630 614 EMMA
651 584 740 615 PITT
746 585 757 614 .

423 647 542 781 f

587 669 630 709 4

589 716 628 754 4

1049 411 1338 466 Wonderful
1371 410 1495 464 Love
1499 410 1515 462 .

744 516 870 571 THE
906 514 1259 570 DAUGHTER
1299 515 1374 568 OF
1413 513 1540 568 THE
1575 513 1730 567 KING
1736 513 1745 566 .

544 813 579 853 1.
606 813 669 853 My
679 813 809 853 wealth
816 813 845 853 is
864 813 924 853 not
935 813 1016 853 here
1025 813 1059 853 in
1079 813 1098 853 a
1111 813 1219 853 house
1230 813 1331 853 made
1345 813 1431 853 with
1447 813 1558 853 hands
1564 813 1569 853 ,
1587 813 1659 853 But
1671 813 1679 853 '
1684 813 1727 853 tis
1756 813 1889 853 yonder
1934 813 1971 853 in
2004 813 2086 853 man-

544 856 579 896 2.
607 856 713 896 What
721 856 803 896 care
834 857 849 897 I
890 857 942 897 for
960 857 1132 898 treasures
1149 858 1220 898 laid
1240 858 1288 898 up
1319 858 1401 899 here
1418 859 1463 899 en
1481 859 1580 899 earth
1594 859 1602 899 !
1612 859 1711 900 With
1722 860 1781 900 the
1795 860 1898 900 using
1907 860 1993 901 they
2005 861 2068 901 per-

546 904 576 934 3.
604 903 678 933 The
691 902 801 933 house
824 902 855 931 is
900 902 939 941 so
954 902 1051 941 large
1054 902 1061 941 ,
1077 902 1153 941 will
1161 902 1230 941 you
1244 902 1339 941 come
1352 902 1392 941 en
1398 902 1408 941 -
1412 902 1465 941 ter
1497 902 1532 941 in
1545 902 1558 941 ?
1572 902 1652 941 And
1663 902 1708 941 its
1721 902 1818 941 gates
1827 902 1884 941 are
1909 902 1972 941 not
1982 902 2068 941 shut

543 947 578 988 4.
618 947 686 988 I'll
698 947 781 988 seek
796 947 869 988 o'er
892 947 953 988 the
966 947 1168 988 mountains
1180 947 1249 988 and
1260 947 1316 988 val
1320 947 1332 988 -
1334 947 1407 988 leys
1419 947 1458 988 of
1470 947 1567 988 earth
1573 947 1580 988 ,
1596 947 1742 988 They'll
1751 947 1793 988 be
1804 947 1872 988 lost
1883 947 1919 988 in
1932 947 1991 988 the
2003 947 2087 988 high-

560 2661 590 2694 #

1507 1229 1570 1325 1
1558 1228 1604 1324 .

591 1377 685 1417 sions
707 1377 744 1417 di
755 1377 768 1417 -
776 1377 858 1417 vine
862 1377 869 1417 ,
902 1377 1015 1417 There
1024 1377 1124 1417 robes
1136 1377 1205 1417 and
1221 1377 1340 1417 bright
1350 1377 1420 1417 jew
1422 1377 1435 1417 -
1436 1377 1485 1417 els
1491 1377 1497 1417 ,
1519 1377 1589 1417 and
1605 1377 1778 1417 treasures
1795 1377 1893 1417 most
1905 1377 1983 1417 rare
1993 1377 2009 1417 I
2027 1377 2064 1417 in-

610 1421 667 1454 ish
691 1422 761 1455 and
786 1424 845 1456 die
847 1425 855 1456 ,
918 1422 952 1464 A
997 1422 1121 1464 strang
1119 1422 1134 1464 -
1132 1422 1173 1464 er
1210 1422 1252 1464 be
1254 1422 1267 1464 -
1270 1422 1338 1464 low
1342 1422 1349 1464 ,
1369 1422 1442 1464 and
1488 1422 1509 1464 a
1546 1422 1613 1464 heg
1629 1422 1642 1464 -
1658 1422 1718 1464 gar
1742 1422 1789 1464 by
1808 1422 1905 1464 birth
1909 1422 1916 1464 ,
1937 1422 2007 1464 I'm
2015 1422 2079 1464 the

576 1467 678 1505 night
702 1465 740 1503 or
786 1464 855 1502 day
858 1465 867 1501 ,
887 1463 966 1500 I've
1024 1467 1188 1507 sisters
1199 1467 1269 1507 and
1284 1467 1388 1507 broth
1393 1467 1404 1507 -
1406 1467 1458 1507 ers
1463 1467 1469 1507 ,
1482 1467 1552 1507 and
1565 1467 1697 1507 friends
1712 1467 1793 1507 here
1803 1467 1913 1507 below
1917 1467 1926 1507 ,
1932 1467 2012 1507 And
2029 1467 2067 1507 to

599 1512 679 1553 way
702 1512 744 1553 of
783 1512 837 1553 sin
841 1512 849 1553 ,
894 1512 966 1553 The
985 1512 1081 1553 King
1127 1512 1157 1553 is
1179 1512 1275 1553 their
1285 1512 1333 1553 Fa
1350 1512 1363 1553 -
1380 1512 1459 1553 ther
1462 1512 1467 1553 ,
1484 1512 1552 1553 and
1570 1512 1624 1553 He
1648 1512 1728 1553 bids
1744 1512 1801 1553 me
1822 1512 1866 1553 go
1869 1512 1878 1553 ,

1942 1515 1959 1540 I
1985 1515 2083 1540 must

624 1967 687 2005 her
695 1967 711 2005 -
719 1967 748 2005 it
787 1967 858 2005 and
869 1967 954 2005 they
966 1967 1015 2005 all
1039 1967 1133 2005 shall
1149 1967 1193 2005 be
1222 1967 1319 2005 mine
1324 1967 1332 2005 .

621 2017 699 2043 own
702 2016 716 2040 -
716 2015 756 2040 er
791 2013 833 2038 of

886 2008 908 2044 a
946 2008 1105 2045 mansion
1145 2010 1187 2046 on
1236 2010 1321 2048 high
1326 2011 1333 2047 ,

622 2053 705 2091 save
714 2053 813 2092 them
822 2054 839 2091 I
856 2054 951 2093 must
965 2055 1029 2092 la-
1047 2056 1109 2093 bor
1125 2056 1195 2095 and
1235 2057 1321 2095 pray
1326 2058 1334 2095 .

609 2100 679 2131 call
687 2100 784 2131 them
796 2100 866 2131 and
881 2100 1023 2131 beseech
1036 2100 1134 2131 them
1150 2100 1164 2131 "
1173 2100 1272 2131 come
1281 2100 1318 2131 in
1323 2100 1332 2131 .
1338 2100 1346 2131 '

1700 584 1741 613 D.
1763 584 1802 613 B.
1824 584 1997 615 TOWNER
2002 586 2009 615 .

1453 1754 1628 1787 CHORUS
1632 1757 1639 1787 .

1565 1802 1726 1923 F

1440 1961 1509 1999 For
1520 1962 1589 2000 I'm
1598 1964 1660 2001 the
1675 1965 1853 2005 daughter
1853 1968 1863 2004 ,

2045 413 2097 455 13

1175 2411 1234 2459 8

1575 2378 1683 2490 E

610 2522 708 2557 King

916 2513 1012 2552 Here
1022 2516 1112 2554 with
1122 2518 1223 2556 glory

1446 2522 1467 2550 I
1511 2522 1574 2556 can
1591 2521 1669 2555 sing
1670 2521 1679 2553 ,

579 2562 756 2601 daughter
765 2564 805 2600 of
814 2565 877 2602 the
889 2565 985 2603 King
988 2566 997 2602 ,
1093 2563 1185 2604 Here
1197 2563 1283 2605 with
1292 2564 1391 2605 glory
1404 2564 1472 2605 and
1487 2565 1573 2606 with
1584 2565 1728 2607 rapture
1739 2566 1755 2606 I
1767 2567 1832 2607 can
1846 2567 1924 2607 sing
1925 2568 1935 2608 ,

1290 2614 1405 2729 EE

969 3285 1135 3321 Copyright
1140 3286 1145 3320 ,
1160 3285 1224 3319 1894
1229 3285 1234 3319 ,
1252 3285 1288 3319 by
1306 3285 1341 3319 D.
1356 3284 1388 3318 B.
1406 3283 1537 3319 Towner
1538 3283 1546 3317 .

1933 1969 1974 1997 of
2012 1968 2079 1996 the

1729 2095 1799 2131 I'm
1812 2097 1875 2132 the
1886 2098 2063 2136 daughter
2063 2101 2074 2135 ,

1925 2522 1996 2549 The
2023 2522 2059 2547 in-

455 3033 636 3073 heritance
645 3033 672 3073 is
682 3033 778 3073 mine
782 3033 787 3073 ,
803 3033 940 3073 Bought
953 3033 1039 3073 with
1048 3033 1203 3073 precious
1214 3033 1314 3073 blood
1325 3033 1446 3073 divine
1451 3033 1456 3073 ,
1474 3033 1539 3073 For
1550 3033 1615 3073 I'm
1626 3033 1687 3073 the
1695 3033 1893 3073 daughtero
1900 3033 1919 3073 f
1923 3033 1984 3073 the
1995 3033 2092 3073 King
2095 3033 2105 3073 .
