1421 2166
491 238 758 263 PENITENTIAL
776 238 987 263 EXERCISES
990 238 996 263 .

316 275 426 310 342

698 286 735 317 C.
755 286 804 317 M.

312 323 334 360 1
356 323 375 360 I
393 324 470 362 ASK
487 325 550 364 the
564 327 633 365 gift
649 328 687 367 of
707 329 970 372 righteousness
972 334 980 371 ,

402 365 479 404 The
494 368 549 405 sin
550 369 564 405 -
565 369 749 411 subduing
765 374 885 414 power
885 378 894 414 ,

359 409 481 454 Power
496 412 534 455 to
550 412 686 457 believe
689 415 696 457 ,
714 415 783 459 and
801 417 843 460 go
857 418 897 461 in
914 418 1019 463 peace
1020 420 1029 462 ,

404 460 487 499 And
503 461 612 500 never
626 463 745 501 grieve
761 464 844 503 thee
859 465 956 504 more
957 467 966 504 .

313 533 335 572 2
359 533 376 572 I
393 533 457 573 ask
473 534 534 574 the
550 534 651 575 blood
657 535 667 574 -
671 535 805 576 bought
822 536 955 577 pardon
972 538 1086 578 sealed
1091 539 1099 578 ,

405 582 477 616 The
495 582 625 617 liberty
642 583 728 617 from
751 583 805 618 sin
810 584 818 618 ,

358 625 433 664 The
447 625 548 664 grace
562 625 701 664 infused
707 625 713 664 ,
736 625 798 664 the
815 625 894 664 love
910 625 1070 664 revealed
1074 625 1080 664 ,

402 669 477 707 The
493 668 663 706 kingdom
683 668 776 705 fixed
799 666 926 705 within
930 667 939 704 .

313 741 336 776 3
358 741 457 777 Thou
475 742 606 780 hear'st
624 744 678 781 me
696 745 746 781 for
764 745 936 783 salvation
951 748 1036 784 pray
1054 749 1064 784 ;

401 784 502 826 Thou
519 785 609 827 seest
623 786 685 826 my
702 786 831 828 heart's
851 787 964 829 desire
979 789 989 829 ;

355 828 461 871 Made
477 829 583 872 ready
601 831 639 872 in
658 831 721 873 thy
739 831 910 874 powerful
927 833 996 876 day
998 834 1010 875 ,

401 876 479 915 Thy
493 876 643 916 fullness
659 878 676 916 I
694 877 836 917 require
835 879 844 917 .

309 948 331 990 4
355 948 419 990 My
436 948 623 992 vehement
640 950 718 994 soul
734 950 820 994 cries
835 951 899 994 out
902 952 908 994 ,
927 952 1111 996 oppressed
1116 954 1123 996 ,

397 995 591 1035 Impatient
607 995 642 1032 to
660 994 704 1032 be
719 993 812 1032 freed
821 993 830 1030 !

351 1038 425 1072 Nor
441 1038 503 1072 can
520 1039 537 1073 I
543 1039 550 1073 ,
573 1039 662 1074 Lord
669 1040 674 1074 ,
693 1040 753 1074 nor
772 1040 845 1075 will
863 1041 881 1075 I
898 1041 967 1075 rest
971 1042 979 1076 ,

396 1084 468 1113 Till
486 1084 501 1113 I
519 1084 574 1113 am
593 1084 696 1113 saved
714 1084 841 1113 indeed
847 1084 854 1113 .

305 1159 329 1189 5
354 1159 419 1189 Art
435 1159 521 1189 thou
539 1159 600 1189 not
617 1159 696 1189 able
712 1159 747 1189 to
764 1159 907 1189 convert
918 1159 935 1189 ?

397 1201 464 1239 Art
480 1202 563 1240 thou
581 1203 643 1241 not
662 1204 800 1243 willing
815 1206 873 1244 too
882 1207 900 1243 ?

352 1247 401 1284 To
418 1247 549 1284 change
564 1247 635 1284 this
653 1247 710 1284 old
729 1247 917 1284 rebellious
936 1247 1038 1284 heart
1041 1247 1049 1284 ,

395 1293 444 1329 To
460 1291 613 1328 conquer
625 1290 693 1326 and
711 1289 823 1326 renew
837 1289 854 1324 ?

308 1363 327 1402 6
352 1363 451 1403 Thou
470 1363 568 1404 canst
570 1365 577 1404 ,
597 1365 684 1405 thou
704 1365 780 1406 wilt
784 1367 789 1406 ,
812 1367 828 1406 I
847 1367 933 1408 dare
947 1368 1084 1408 believe
1086 1369 1093 1408 ,

393 1406 438 1443 So
453 1406 528 1444 arm
545 1408 603 1446 me
616 1410 704 1448 with
721 1412 787 1449 thy
802 1413 920 1452 power
921 1416 930 1452 ,

349 1450 444 1488 That
459 1452 476 1488 I
493 1453 528 1490 to
544 1453 599 1491 sin
618 1454 699 1492 may
717 1456 824 1494 never
839 1457 957 1496 cleave
957 1460 967 1496 ,

394 1499 479 1536 May
496 1499 603 1536 never
618 1499 687 1537 feel
702 1500 734 1537 it
751 1500 846 1537 more
848 1500 856 1537 .

977 1503 1010 1531 si
1020 1503 1059 1530 en
1065 1503 1097 1530 W

864 1539 986 1572 Charles
1008 1542 1119 1574 Wesley
1120 1545 1130 1574 .

303 1659 416 1697 343

686 1675 724 1703 C.
743 1675 793 1703 M.

300 1714 318 1751 1
345 1714 435 1752 How
455 1715 517 1752 sad
535 1715 600 1754 our
617 1716 708 1754 state
725 1717 772 1754 by
790 1717 916 1756 nature
930 1718 961 1756 is
973 1719 983 1756 !

386 1759 461 1797 Our
476 1759 531 1797 sin
548 1760 626 1798 how
644 1760 732 1800 deep
747 1761 778 1799 it
794 1761 904 1801 stains
914 1762 922 1800 !

342 1799 423 1841 And
440 1800 546 1842 Satan
565 1801 668 1843 binds
685 1803 749 1845 our
765 1804 904 1845 captive
918 1805 1014 1847 souls

385 1845 468 1877 Fast
484 1847 521 1877 in
540 1847 594 1879 his
613 1847 743 1879 slavish
764 1849 883 1881 chains
889 1851 897 1881 .

407 1891 448 1921 16

677 1894 744 1922 241
