2526 3524
457 398 563 442 No.
593 400 661 443 24
663 400 678 442 .

559 486 604 509 W.
624 486 654 509 S.
676 486 818 511 MARTIN
824 487 832 510 .

559 706 593 736 I.
642 706 709 738 We

557 770 580 790 2
580 769 590 789 .

641 762 710 790 We

555 826 579 857 3
581 824 592 854 .

638 816 707 850 We

534 1461 569 1503 b

511 1506 535 1544 ·
517 1506 541 1544 2
540 1506 572 1544 -
554 1507 585 1545 ₂

444 3068 525 3122 9

540 922 628 960 -2--2-

448 1997 510 2051 9
531 1993 568 2046 b

513 2043 553 2082 -0²
543 2043 576 2082 -
556 2043 587 2082 2

593 557 632 591 2

517 3116 542 3146 -B
543 3116 552 3146 .

510 2611 590 2653 --2

1486 1074 1577 1209 ar

1996 1240 2033 1273 is
2076 1244 2168 1279 here
2170 1249 2180 1279 ,

589 1239 670 1271 The
699 1239 872 1271 shadows
889 1239 986 1271 have
1009 1239 1061 1271 all
1129 1240 1178 1284 de
1237 1240 1322 1284 part
1332 1240 1347 1284 -
1360 1240 1405 1284 ed
1410 1240 1418 1284 ,
1454 1240 1534 1284 The
1564 1240 1639 1284 day
1656 1240 1746 1284 with
1765 1240 1815 1284 its
1848 1240 1918 1284 life

591 1289 695 1334 With
708 1290 872 1335 fullness
907 1292 949 1335 of
998 1293 1066 1337 life
1121 1293 1196 1338 and
1243 1294 1327 1339 pow
1329 1295 1340 1338 -
1343 1295 1382 1338 er
1388 1295 1395 1338 ,
1445 1296 1495 1339 To
1535 1296 1641 1341 drive
1672 1297 1821 1342 away
1850 1299 1907 1342 all
1959 1303 2029 1337 our
2064 1300 2148 1335 fear
2148 1301 2160 1333 ,

588 1350 669 1392 The
683 1350 784 1392 bless
787 1350 801 1392 -
798 1350 887 1393 ings
903 1351 943 1393 of
960 1351 1077 1393 God's
1116 1351 1173 1394 sal
1189 1352 1203 1394 -
1219 1352 1294 1394 va-
1309 1352 1388 1394 tion
1397 1352 1402 1394 ,
1441 1353 1509 1395 His
1526 1353 1644 1395 pow'r
1659 1353 1697 1395 to
1712 1354 1825 1396 make
1845 1354 1958 1396 white
1997 1355 2038 1397 as
2056 1355 2157 1397 snow
2162 1355 2171 1397 ,

1000 398 1201 448 SONG
1237 398 1329 448 OF
1371 398 1739 448 GREETING
1742 398 1755 448 .

766 704 813 748 of
822 704 840 748 -
849 704 912 748 fer
918 704 992 748 our
996 704 1095 748 song
1141 704 1184 748 of
1227 704 1333 748 greet
1335 704 1346 748 -
1350 704 1417 748 ing
1422 704 1428 748 ,
1450 704 1555 748 With
1566 704 1693 748 hearts
1702 704 1776 748 full
1784 704 1823 748 of
1855 704 1939 748 love
1964 704 2040 748 and
2076 704 2191 748 cheer
2191 704 2201 748 ,

768 758 910 802 offer
918 759 989 801 our
999 760 1095 802 song
1144 760 1183 802 of
1221 761 1326 803 greet
1330 761 1340 803 -
1343 761 1413 803 ing
1416 761 1423 803 ,
1444 762 1518 804 For
1577 763 1622 801 Je
1679 762 1743 799 sus
1771 760 1839 798 the
1853 759 1951 796 Lord
1981 757 2018 794 is

2093 775 2182 802 near
2184 777 2196 801 ;

765 817 811 860 of
821 817 838 860 -
848 817 908 860 fer
917 817 987 860 our
996 817 1092 860 song

1140 817 1185 860 of
1217 817 1325 860 greet
1327 817 1339 860 -
1341 817 1408 860 ing
1414 817 1420 860 ,
1442 817 1556 860 Come
1572 817 1653 860 join
1684 817 1730 860 us
1746 817 1835 860 dear
1849 817 1972 860 friend
1984 817 2058 860 and
2076 817 2189 860 know
2193 817 2202 860 ,

1263 920 1323 958 8
1294 920 1332 958 :

556 2818 589 2857 -b-

783 2197 875 2298 1

1096 2159 1139 2287 है

564 2318 647 2363 The
682 2317 837 2364 spirit
881 2319 921 2364 of
963 2319 1032 2364 life
1063 2319 1138 2365 and
1170 2320 1210 2365 of
1248 2320 1460 2366 blessing
1487 2321 1590 2366 With
1607 2321 1692 2367 glor
1701 2322 1714 2367 -
1727 2322 1749 2367 y
1779 2322 1817 2367 at
1847 2322 1943 2367 least
1967 2323 2034 2368 has
2066 2323 2172 2368 come
2175 2323 2184 2368 .

563 2380 615 2408 To
678 2378 766 2420 sing
794 2378 834 2420 to
852 2378 923 2420 His
934 2378 1058 2420 praise
1074 2378 1148 2420 and
1168 2378 1237 2420 His
1253 2378 1330 2420 hon
1347 2378 1361 2420 -
1379 2378 1445 2420 nor
1451 2378 1457 2420 ,
1485 2378 1591 2420 Shall
1608 2378 1753 2420 ever
1783 2378 1829 2420 be
1859 2378 1928 2420 our
1978 2382 2040 2420 em
2054 2383 2071 2420 -
2082 2383 2175 2421 ploy
2178 2384 2188 2421 .

556 2430 663 2472 Then
676 2430 782 2472 come
793 2430 882 2473 while
894 2431 959 2473 the
976 2431 1043 2473 life
1060 2431 1161 2474 lamp
1179 2432 1210 2474 is
1227 2432 1321 2474 burn
1340 2432 1353 2474 -
1368 2432 1434 2475 ing
1440 2433 1447 2475 ,
1476 2433 1555 2475 The
1584 2433 1660 2475 gift
1688 2434 1731 2476 of
1756 2434 1817 2476 his
1833 2434 1945 2477 grace
1975 2434 2164 2478 receive
2167 2435 2177 2477 .

1079 2544 1123 2645 6

588 2712 778 2742 REFRAIN
783 2715 792 2742 .

1885 1635 2004 1739 A

1864 1770 1955 1814 hide
1970 1774 2039 1816 the
2066 1777 2195 1822 gloom
2201 1782 2215 1822 !

603 1772 664 1816 No
692 1772 887 1817 longer
917 1773 973 1817 we
1005 1773 1117 1819 dwell
1149 1774 1188 1818 in
1208 1774 1303 1819 dark
1319 1775 1333 1819 -
1350 1775 1436 1819 ness
1440 1776 1447 1820 ,
1475 1776 1534 1820 No
1562 1776 1658 1820 long
1671 1777 1685 1821 -
1701 1777 1742 1821 er
1757 1777 1815 1821 we

605 1828 665 1873 He
691 1827 822 1874 brings
843 1829 884 1874 in
917 1829 983 1874 the
1029 1830 1102 1875 day
1142 1830 1186 1875 of
1212 1830 1432 1877 gladness
1438 1832 1444 1877 ,
1476 1832 1545 1877 His
1561 1832 1740 1879 presence
1744 1833 1751 1878 ,
1774 1833 1846 1879 His
1857 1837 1972 1880 peace
1986 1835 2061 1877 and
2075 1833 2144 1875 joy
2147 1834 2159 1873 ;

604 1887 678 1931 For
676 1887 690 1931 -
691 1887 912 1931 giveness
941 1887 974 1931 is
1026 1887 1192 1931 freely
1239 1887 1424 1931 offered
1432 1887 1439 1931 ,
1468 1887 1541 1931 For
1567 1887 1619 1931 all
1665 1887 1749 1931 who
1781 1887 1827 1931 on
1854 1887 1981 1931 Christ
1993 1887 2039 1931 be
2056 1887 2069 1931 -
2082 1887 2182 1931 lieve
2187 1887 2196 1931 ;

588 2935 668 2975 Our
720 2939 895 2982 happy
892 2945 906 2982 .

1927 491 1957 520 J.
1976 491 2016 520 H.
2038 491 2186 520 TENNEY
2184 491 2194 520 .

959 2940 1056 2983 song
1075 2933 1122 2970 of

1187 2939 1293 2981 greet
1308 2939 1320 2979 -
1335 2937 1403 2979 ing
1406 2938 1413 2978 ,

1489 2935 1596 2977 With
1607 2937 1700 2978 glad
1699 2939 1712 2978 -
1717 2939 1803 2979 ness
1832 2941 1915 2981 now

979 3189 1133 3220 Copyright
1136 3189 1141 3220 ,
1159 3189 1216 3220 1898
1219 3189 1224 3220 ,
1238 3189 1270 3220 by
1284 3189 1420 3220 Brethren
1451 3189 1622 3220 Publishing
1641 3189 1737 3220 House
1740 3189 1747 3220 .

1971 2952 2026 2972 we

2089 2938 2201 2982 bring
2203 2944 2212 2982 ,
