<?xml version="1.0" encoding="UTF-8" standalone="no"?>
<PcGts xmlns:xsi="http://www.w3.org/2001/XMLSchema-instance" xmlns="http://schema.primaresearch.org/PAGE/gts/pagecontent/2019-07-15" xsi:schemaLocation="http://schema.primaresearch.org/PAGE/gts/pagecontent/2019-07-15 http://schema.primaresearch.org/PAGE/gts/pagecontent/2019-07-15/pagecontent.xsd">
  <Metadata>
    <Creator/>
    <Created>1970-01-01T01:00:00</Created>
    <LastChange>1970-01-01T01:00:00</LastChange>
    <Comments/>
  </Metadata>
  <Page imageFilename="images/1898-Happyv-EMU-0192.jpg" imageHeight="3398" imageWidth="2305">
    <TextRegion id="r1">
      <Coords points="399,255 660,258 659,306 398,303"/>
      <TextLine id="l1">
        <Coords points="398,255 660,255 660,305 398,305"/>
        <Word id="w1">
          <Coords points="399,255 502,256 501,304 398,303"/>
          <Glyph id="c1">
            <Coords points="399,256 446,257 445,304 398,303"/>
            <TextEquiv>
              <Unicode>N</Unicode>
            </TextEquiv>
          </Glyph>
          <Glyph id="c2">
            <Coords points="448,256 479,256 478,303 447,303"/>
            <TextEquiv>
              <Unicode>o</Unicode>
            </TextEquiv>
          </Glyph>
          <Glyph id="c3">
            <Coords points="487,256 502,256 501,303 486,303"/>
            <TextEquiv>
              <Unicode>.</Unicode>
            </TextEquiv>
          </Glyph>
          <TextEquiv>
            <Unicode>No.</Unicode>
          </TextEquiv>
        </Word>
        <Word id="w2">
          <Coords points="531,257 642,258 641,305 530,304"/>
          <Glyph id="c4">
            <Coords points="531,257 559,257 558,304 530,304"/>
            <TextEquiv>
              <Unicode>1</Unicode>
            </TextEquiv>
          </Glyph>
          <Glyph id="c5">
            <Coords points="564,257 599,257 598,304 563,304"/>
            <TextEquiv>
              <Unicode>8</Unicode>
            </TextEquiv>
          </Glyph>
          <Glyph id="c6">
            <Coords points="607,258 642,258 641,305 606,305"/>
            <TextEquiv>
              <Unicode>7</Unicode>
            </TextEquiv>
          </Glyph>
          <TextEquiv>
            <Unicode>187</Unicode>
          </TextEquiv>
        </Word>
        <Word id="w3">
          <Coords points="644,258 660,258 659,305 643,305"/>
          <Glyph id="c7">
            <Coords points="644,258 660,258 659,305 643,305"/>
            <TextEquiv>
              <Unicode>.</Unicode>
            </TextEquiv>
          </Glyph>
          <TextEquiv>
            <Unicode>.</Unicode>
          </TextEquiv>
        </Word>
        <TextEquiv>
          <Unicode/>
        </TextEquiv>
      </TextLine>
      <TextEquiv>
        <Unicode/>
      </TextEquiv>
    </TextRegion>
    <TextRegion id="r2">
      <Coords points="485,476 791,476 791,506 485,506"/>
      <TextLine id="l2">
        <Coords points="485,476 791,476 791,506 485,506"/>
        <Word id="w4">
          <Coords points="485,476 577,476 577,506 485,506"/>
          <Glyph id="c8">
            <Coords points="485,476 512,476 512,506 485,506"/>
            <TextEquiv>
              <Unicode>R</Unicode>
            </TextEquiv>
          </Glyph>
          <Glyph id="c9">
            <Coords points="519,476 538,476 538,506 519,506"/>
            <TextEquiv>
              <Unicode>e</Unicode>
            </TextEquiv>
          </Glyph>
          <Glyph id="c10">
            <Coords points="539,476 561,476 561,506 539,506"/>
            <TextEquiv>
              <Unicode>v</Unicode>
            </TextEquiv>
          </Glyph>
          <Glyph id="c11">
            <Coords points="568,476 577,476 577,506 568,506"/>
            <TextEquiv>
              <Unicode>.</Unicode>
            </TextEquiv>
          </Glyph>
          <TextEquiv>
            <Unicode>Rev.</Unicode>
          </TextEquiv>
        </Word>
        <Word id="w5">
          <Coords points="597,476 632,476 632,506 597,506"/>
          <Glyph id="c12">
            <Coords points="597,476 619,476 619,506 597,506"/>
            <TextEquiv>
              <Unicode>J</Unicode>
            </TextEquiv>
          </Glyph>
          <Glyph id="c13">
            <Coords points="625,476 632,476 632,506 625,506"/>
            <TextEquiv>
              <Unicode>.</Unicode>
            </TextEquiv>
          </Glyph>
          <TextEquiv>
            <Unicode>J.</Unicode>
          </TextEquiv>
        </Word>
        <Word id="w6">
          <Coords points="653,476 776,476 776,506 653,506"/>
          <Glyph id="c14">
            <Coords points="653,476 679,476 679,506 653,506"/>
            <TextEquiv>
              <Unicode>G</Unicode>
            </TextEquiv>
          </Glyph>
          <Glyph id="c15">
            <Coords points="684,476 707,476 707,506 684,506"/>
            <TextEquiv>
              <Unicode>R</Unicode>
            </TextEquiv>
          </Glyph>
          <Glyph id="c16">
            <Coords points="710,476 723,476 723,506 710,506"/>
            <TextEquiv>
              <Unicode>I</Unicode>
            </TextEquiv>
          </Glyph>
          <Glyph id="c17">
            <Coords points="726,476 749,476 749,506 726,506"/>
            <TextEquiv>
              <Unicode>G</Unicode>
            </TextEquiv>
          </Glyph>
          <Glyph id="c18">
            <Coords points="755,476 776,476 776,506 755,506"/>
            <TextEquiv>
              <Unicode>G</Unicode>
            </TextEquiv>
          </Glyph>
          <TextEquiv>
            <Unicode>GRIGG</Unicode>
          </TextEquiv>
        </Word>
        <Word id="w7">
          <Coords points="784,476 791,476 791,506 784,506"/>
          <Glyph id="c19">
            <Coords points="784,476 791,476 791,506 784,506"/>
            <TextEquiv>
              <Unicode>.</Unicode>
            </TextEquiv>
          </Glyph>
          <TextEquiv>
            <Unicode>.</Unicode>
          </TextEquiv>
        </Word>
        <TextEquiv>
          <Unicode/>
        </TextEquiv>
      </TextLine>
      <TextEquiv>
        <Unicode/>
      </TextEquiv>
    </TextRegion>
    <TextRegion id="r3">
      <Coords points="487,551 603,562 599,609 483,598"/>
      <TextLine id="l3">
        <Coords points="483,551 603,551 603,609 483,609"/>
        <Word id="w8">
          <Coords points="487,551 603,562 599,609 483,598"/>
          <Glyph id="c20">
            <Coords points="487,551 513,553 508,600 483,598"/>
            <TextEquiv>
              <Unicode>2</Unicode>
            </TextEquiv>
          </Glyph>
          <Glyph id="c21">
            <Coords points="533,555 562,558 557,605 529,602"/>
            <TextEquiv>
              <Unicode>5</Unicode>
            </TextEquiv>
          </Glyph>
          <Glyph id="c22">
            <Coords points="572,559 604,562 599,609 568,606"/>
            <TextEquiv>
              <Unicode>6</Unicode>
            </TextEquiv>
          </Glyph>
          <TextEquiv>
            <Unicode>256</Unicode>
          </TextEquiv>
        </Word>
        <TextEquiv>
          <Unicode/>
        </TextEquiv>
      </TextLine>
      <TextEquiv>
        <Unicode/>
      </TextEquiv>
    </TextRegion>
    <TextRegion id="r4">
      <Coords points="510,599 535,600 533,634 508,633"/>
      <TextLine id="l4">
        <Coords points="508,599 535,599 535,634 508,634"/>
        <Word id="w9">
          <Coords points="510,599 535,600 533,634 508,633"/>
          <Glyph id="c23">
            <Coords points="510,599 535,600 533,634 508,633"/>
            <TextEquiv>
              <Unicode>b</Unicode>
            </TextEquiv>
          </Glyph>
          <TextEquiv>
            <Unicode>b</Unicode>
          </TextEquiv>
        </Word>
        <TextEquiv>
          <Unicode/>
        </TextEquiv>
      </TextLine>
      <TextEquiv>
        <Unicode/>
      </TextEquiv>
    </TextRegion>
    <TextRegion id="r5">
      <Coords points="569,620 608,620 608,659 569,659"/>
      <TextLine id="l5">
        <Coords points="569,620 608,620 608,659 569,659"/>
        <Word id="w10">
          <Coords points="569,620 608,620 608,659 569,659"/>
          <Glyph id="c24">
            <Coords points="569,620 608,620 608,659 569,659"/>
            <TextEquiv>
              <Unicode>8</Unicode>
            </TextEquiv>
          </Glyph>
          <TextEquiv>
            <Unicode>8</Unicode>
          </TextEquiv>
        </Word>
        <TextEquiv>
          <Unicode/>
        </TextEquiv>
      </TextLine>
      <TextEquiv>
        <Unicode/>
      </TextEquiv>
    </TextRegion>
    <TextRegion id="r6">
      <Coords points="395,2256 500,2255 501,2331 396,2332"/>
      <TextLine id="l6">
        <Coords points="395,2255 501,2255 501,2332 395,2332"/>
        <Word id="w11">
          <Coords points="395,2256 500,2255 501,2331 396,2332"/>
          <Glyph id="c25">
            <Coords points="395,2257 473,2256 474,2331 396,2332"/>
            <TextEquiv>
              <Unicode>e</Unicode>
            </TextEquiv>
          </Glyph>
          <Glyph id="c26">
            <Coords points="433,2256 493,2255 494,2330 434,2331"/>
            <TextEquiv>
              <Unicode>f</Unicode>
            </TextEquiv>
          </Glyph>
          <Glyph id="c27">
            <Coords points="448,2256 500,2255 501,2330 449,2331"/>
            <TextEquiv>
              <Unicode>t</Unicode>
            </TextEquiv>
          </Glyph>
          <TextEquiv>
            <Unicode>eft</Unicode>
          </TextEquiv>
        </Word>
        <TextEquiv>
          <Unicode/>
        </TextEquiv>
      </TextLine>
      <TextEquiv>
        <Unicode/>
      </TextEquiv>
    </TextRegion>
    <TextRegion id="r7">
      <Coords points="571,974 605,974 605,1015 571,1015"/>
      <TextLine id="l7">
        <Coords points="571,974 605,974 605,1015 571,1015"/>
        <Word id="w12">
          <Coords points="571,974 605,974 605,1015 571,1015"/>
          <Glyph id="c28">
            <Coords points="571,974 605,974 605,1015 571,1015"/>
            <TextEquiv>
              <Unicode>6</Unicode>
            </TextEquiv>
          </Glyph>
          <TextEquiv>
            <Unicode>6</Unicode>
          </TextEquiv>
        </Word>
        <TextEquiv>
          <Unicode/>
        </TextEquiv>
      </TextLine>
      <TextEquiv>
        <Unicode/>
      </TextEquiv>
    </TextRegion>
    <TextRegion id="r8">
      <Coords points="507,1023 605,1020 606,1058 508,1061"/>
      <TextLine id="l8">
        <Coords points="507,1020 606,1020 606,1061 507,1061"/>
        <Word id="w13">
          <Coords points="507,1023 605,1020 606,1058 508,1061"/>
          <Glyph id="c29">
            <Coords points="507,1024 538,1023 539,1060 508,1061"/>
            <TextEquiv>
              <Unicode>b</Unicode>
            </TextEquiv>
          </Glyph>
          <Glyph id="c30">
            <Coords points="568,1021 605,1020 606,1057 569,1058"/>
            <TextEquiv>
              <Unicode>8</Unicode>
            </TextEquiv>
          </Glyph>
          <TextEquiv>
            <Unicode>b8</Unicode>
          </TextEquiv>
        </Word>
        <TextEquiv>
          <Unicode/>
        </TextEquiv>
      </TextLine>
      <TextEquiv>
        <Unicode/>
      </TextEquiv>
    </TextRegion>
    <TextRegion id="r9">
      <Coords points="508,1264 536,1264 536,1303 508,1303"/>
      <TextLine id="l9">
        <Coords points="508,1264 536,1264 536,1303 508,1303"/>
        <Word id="w14">
          <Coords points="508,1264 536,1264 536,1303 508,1303"/>
          <Glyph id="c31">
            <Coords points="508,1264 536,1264 536,1303 508,1303"/>
            <TextEquiv>
              <Unicode>b</Unicode>
            </TextEquiv>
          </Glyph>
          <TextEquiv>
            <Unicode>b</Unicode>
          </TextEquiv>
        </Word>
        <TextEquiv>
          <Unicode/>
        </TextEquiv>
      </TextLine>
      <TextEquiv>
        <Unicode/>
      </TextEquiv>
    </TextRegion>
    <TextRegion id="r10">
      <Coords points="449,1637 567,1649 559,1733 441,1722"/>
      <TextLine id="l10">
        <Coords points="445,1638 566,1638 566,1694 445,1694"/>
        <Word id="w15">
          <Coords points="452,1638 481,1643 474,1680 445,1674"/>
          <Glyph id="c32">
            <Coords points="452,1638 481,1643 474,1680 445,1674"/>
            <TextEquiv>
              <Unicode>E</Unicode>
            </TextEquiv>
          </Glyph>
          <TextEquiv>
            <Unicode>E</Unicode>
          </TextEquiv>
        </Word>
        <Word id="w16">
          <Coords points="486,1644 516,1650 510,1686 479,1680"/>
          <Glyph id="c33">
            <Coords points="486,1644 516,1650 510,1686 479,1680"/>
            <TextEquiv>
              <Unicode>b</Unicode>
            </TextEquiv>
          </Glyph>
          <TextEquiv>
            <Unicode>b</Unicode>
          </TextEquiv>
        </Word>
        <Word id="w17">
          <Coords points="533,1652 566,1658 560,1694 526,1688"/>
          <Glyph id="c34">
            <Coords points="533,1652 566,1658 560,1694 526,1688"/>
            <TextEquiv>
              <Unicode>b</Unicode>
            </TextEquiv>
          </Glyph>
          <TextEquiv>
            <Unicode>b</Unicode>
          </TextEquiv>
        </Word>
        <TextEquiv>
          <Unicode/>
        </TextEquiv>
      </TextLine>
      <TextLine id="l11">
        <Coords points="505,1691 550,1691 550,1728 505,1728"/>
        <Word id="w18">
          <Coords points="506,1691 528,1691 527,1728 505,1728"/>
          <Glyph id="c35">
            <Coords points="506,1691 528,1691 527,1728 505,1728"/>
            <TextEquiv>
              <Unicode>路</Unicode>
            </TextEquiv>
          </Glyph>
          <TextEquiv>
            <Unicode>路</Unicode>
          </TextEquiv>
        </Word>
        <Word id="w19">
          <Coords points="512,1691 535,1691 534,1728 511,1728"/>
          <Glyph id="c36">
            <Coords points="512,1691 535,1691 534,1728 511,1728"/>
            <TextEquiv>
              <Unicode>b</Unicode>
            </TextEquiv>
          </Glyph>
          <TextEquiv>
            <Unicode>b</Unicode>
          </TextEquiv>
        </Word>
        <Word id="w20">
          <Coords points="538,1691 550,1691 549,1728 537,1728"/>
          <Glyph id="c37">
            <Coords points="538,1691 550,1691 549,1728 537,1728"/>
            <TextEquiv>
              <Unicode>路</Unicode>
            </TextEquiv>
          </Glyph>
          <TextEquiv>
            <Unicode>路</Unicode>
          </TextEquiv>
        </Word>
        <TextEquiv>
          <Unicode/>
        </TextEquiv>
      </TextLine>
      <TextEquiv>
        <Unicode/>
      </TextEquiv>
    </TextRegion>
    <TextRegion id="r11">
      <Coords points="483,2527 509,2528 508,2566 482,2565"/>
      <TextLine id="l12">
        <Coords points="482,2527 509,2527 509,2566 482,2566"/>
        <Word id="w21">
          <Coords points="483,2527 509,2528 508,2566 482,2565"/>
          <Glyph id="c38">
            <Coords points="483,2527 509,2528 508,2566 482,2565"/>
            <TextEquiv>
              <Unicode>b</Unicode>
            </TextEquiv>
          </Glyph>
          <TextEquiv>
            <Unicode>b</Unicode>
          </TextEquiv>
        </Word>
        <TextEquiv>
          <Unicode/>
        </TextEquiv>
      </TextLine>
      <TextEquiv>
        <Unicode/>
      </TextEquiv>
    </TextRegion>
    <TextRegion id="r12">
      <Coords points="1016,550 1130,558 1120,694 1006,686"/>
      <TextLine id="l13">
        <Coords points="1006,550 1130,550 1130,694 1006,694"/>
        <Word id="w22">
          <Coords points="1016,550 1130,558 1120,694 1006,686"/>
          <Glyph id="c39">
            <Coords points="1016,550 1130,558 1120,694 1006,686"/>
            <TextEquiv>
              <Unicode>D</Unicode>
            </TextEquiv>
          </Glyph>
          <TextEquiv>
            <Unicode>D</Unicode>
          </TextEquiv>
        </Word>
        <TextEquiv>
          <Unicode/>
        </TextEquiv>
      </TextLine>
      <TextEquiv>
        <Unicode/>
      </TextEquiv>
    </TextRegion>
    <TextRegion id="r13">
      <Coords points="552,730 2040,736 2040,776 552,770"/>
      <TextLine id="l14">
        <Coords points="552,731 2040,731 2040,775 552,775"/>
        <Word id="w23">
          <Coords points="552,731 586,731 586,770 552,770"/>
          <Glyph id="c40">
            <Coords points="552,731 570,731 570,770 552,770"/>
            <TextEquiv>
              <Unicode>1</Unicode>
            </TextEquiv>
          </Glyph>
          <Glyph id="c41">
            <Coords points="579,731 586,731 586,770 579,770"/>
            <TextEquiv>
              <Unicode>.</Unicode>
            </TextEquiv>
          </Glyph>
          <TextEquiv>
            <Unicode>1.</Unicode>
          </TextEquiv>
        </Word>
        <Word id="w24">
          <Coords points="604,731 656,731 656,770 604,770"/>
          <Glyph id="c42">
            <Coords points="604,731 631,731 631,770 604,770"/>
            <TextEquiv>
              <Unicode>B</Unicode>
            </TextEquiv>
          </Glyph>
          <Glyph id="c43">
            <Coords points="637,731 656,731 656,770 637,770"/>
            <TextEquiv>
              <Unicode>e</Unicode>
            </TextEquiv>
          </Glyph>
          <TextEquiv>
            <Unicode>Be</Unicode>
          </TextEquiv>
        </Word>
        <Word id="w25">
          <Coords points="719,731 808,731 808,770 719,770"/>
          <Glyph id="c44">
            <Coords points="719,731 742,731 742,770 719,770"/>
            <TextEquiv>
              <Unicode>h</Unicode>
            </TextEquiv>
          </Glyph>
          <Glyph id="c45">
            <Coords points="746,731 766,731 766,770 746,770"/>
            <TextEquiv>
              <Unicode>o</Unicode>
            </TextEquiv>
          </Glyph>
          <Glyph id="c46">
            <Coords points="769,731 782,731 782,770 769,770"/>
            <TextEquiv>
              <Unicode>l</Unicode>
            </TextEquiv>
          </Glyph>
          <Glyph id="c47">
            <Coords points="784,731 808,731 808,770 784,770"/>
            <TextEquiv>
              <Unicode>d</Unicode>
            </TextEquiv>
          </Glyph>
          <TextEquiv>
            <Unicode>hold</Unicode>
          </TextEquiv>
        </Word>
        <Word id="w26">
          <Coords points="827,732 846,732 846,771 827,771"/>
          <Glyph id="c48">
            <Coords points="827,732 846,732 846,771 827,771"/>
            <TextEquiv>
              <Unicode>a</Unicode>
            </TextEquiv>
          </Glyph>
          <TextEquiv>
            <Unicode>a</Unicode>
          </TextEquiv>
        </Word>
        <Word id="w27">
          <Coords points="859,731 1038,732 1038,772 859,771"/>
          <Glyph id="c49">
            <Coords points="859,732 878,732 878,771 859,771"/>
            <TextEquiv>
              <Unicode>S</Unicode>
            </TextEquiv>
          </Glyph>
          <Glyph id="c50">
            <Coords points="885,732 899,732 899,771 885,771"/>
            <TextEquiv>
              <Unicode>t</Unicode>
            </TextEquiv>
          </Glyph>
          <Glyph id="c51">
            <Coords points="904,732 920,732 920,771 904,771"/>
            <TextEquiv>
              <Unicode>r</Unicode>
            </TextEquiv>
          </Glyph>
          <Glyph id="c52">
            <Coords points="925,732 944,732 944,771 925,771"/>
            <TextEquiv>
              <Unicode>a</Unicode>
            </TextEquiv>
          </Glyph>
          <Glyph id="c53">
            <Coords points="948,732 969,732 969,771 948,771"/>
            <TextEquiv>
              <Unicode>n</Unicode>
            </TextEquiv>
          </Glyph>
          <Glyph id="c54">
            <Coords points="973,732 995,732 995,771 973,771"/>
            <TextEquiv>
              <Unicode>g</Unicode>
            </TextEquiv>
          </Glyph>
          <Glyph id="c55">
            <Coords points="999,732 1017,732 1017,771 999,771"/>
            <TextEquiv>
              <Unicode>e</Unicode>
            </TextEquiv>
          </Glyph>
          <Glyph id="c56">
            <Coords points="1022,732 1038,732 1038,771 1022,771"/>
            <TextEquiv>
              <Unicode>r</Unicode>
            </TextEquiv>
          </Glyph>
          <TextEquiv>
            <Unicode>Stranger</Unicode>
          </TextEquiv>
        </Word>
        <Word id="w28">
          <Coords points="1064,732 1101,732 1101,772 1064,772"/>
          <Glyph id="c57">
            <Coords points="1064,732 1084,732 1084,771 1064,771"/>
            <TextEquiv>
              <Unicode>a</Unicode>
            </TextEquiv>
          </Glyph>
          <Glyph id="c58">
            <Coords points="1085,733 1101,733 1101,772 1085,772"/>
            <TextEquiv>
              <Unicode>t</Unicode>
            </TextEquiv>
          </Glyph>
          <TextEquiv>
            <Unicode>at</Unicode>
          </TextEquiv>
        </Word>
        <Word id="w29">
          <Coords points="1141,733 1204,733 1204,772 1141,772"/>
          <Glyph id="c59">
            <Coords points="1141,733 1155,733 1155,772 1141,772"/>
            <TextEquiv>
              <Unicode>t</Unicode>
            </TextEquiv>
          </Glyph>
          <Glyph id="c60">
            <Coords points="1160,733 1181,733 1181,772 1160,772"/>
            <TextEquiv>
              <Unicode>h</Unicode>
            </TextEquiv>
          </Glyph>
          <Glyph id="c61">
            <Coords points="1187,733 1204,733 1204,772 1187,772"/>
            <TextEquiv>
              <Unicode>e</Unicode>
            </TextEquiv>
          </Glyph>
          <TextEquiv>
            <Unicode>the</Unicode>
          </TextEquiv>
        </Word>
        <Word id="w30">
          <Coords points="1216,733 1308,733 1308,772 1216,772"/>
          <Glyph id="c62">
            <Coords points="1216,733 1237,733 1237,772 1216,772"/>
            <TextEquiv>
              <Unicode>d</Unicode>
            </TextEquiv>
          </Glyph>
          <Glyph id="c63">
            <Coords points="1242,733 1262,733 1262,772 1242,772"/>
            <TextEquiv>
              <Unicode>o</Unicode>
            </TextEquiv>
          </Glyph>
          <Glyph id="c64">
            <Coords points="1266,733 1285,733 1285,772 1266,772"/>
            <TextEquiv>
              <Unicode>o</Unicode>
            </TextEquiv>
          </Glyph>
          <Glyph id="c65">
            <Coords points="1292,733 1308,733 1308,772 1292,772"/>
            <TextEquiv>
              <Unicode>r</Unicode>
            </TextEquiv>
          </Glyph>
          <TextEquiv>
            <Unicode>door</Unicode>
          </TextEquiv>
        </Word>
        <Word id="w31">
          <Coords points="1320,733 1328,733 1328,772 1320,772"/>
          <Glyph id="c66">
            <Coords points="1320,733 1328,733 1328,772 1320,772"/>
            <TextEquiv>
              <Unicode>;</Unicode>
            </TextEquiv>
          </Glyph>
          <TextEquiv>
            <Unicode>;</Unicode>
          </TextEquiv>
        </Word>
        <Word id="w32">
          <Coords points="1335,734 1390,734 1390,773 1335,773"/>
          <Glyph id="c67">
            <Coords points="1335,734 1366,734 1366,773 1335,773"/>
            <TextEquiv>
              <Unicode>H</Unicode>
            </TextEquiv>
          </Glyph>
          <Glyph id="c68">
            <Coords points="1371,734 1390,734 1390,773 1371,773"/>
            <TextEquiv>
              <Unicode>e</Unicode>
            </TextEquiv>
          </Glyph>
          <TextEquiv>
            <Unicode>He</Unicode>
          </TextEquiv>
        </Word>
        <Word id="w33">
          <Coords points="1401,734 1472,734 1472,773 1401,773"/>
          <Glyph id="c69">
            <Coords points="1401,734 1423,734 1423,773 1401,773"/>
            <TextEquiv>
              <Unicode>g</Unicode>
            </TextEquiv>
          </Glyph>
          <Glyph id="c70">
            <Coords points="1427,734 1445,734 1445,773 1427,773"/>
            <TextEquiv>
              <Unicode>e</Unicode>
            </TextEquiv>
          </Glyph>
          <Glyph id="c71">
            <Coords points="1450,734 1472,734 1472,773 1450,773"/>
            <TextEquiv>
              <Unicode>n</Unicode>
            </TextEquiv>
          </Glyph>
          <TextEquiv>
            <Unicode>gen</Unicode>
          </TextEquiv>
        </Word>
        <Word id="w34">
          <Coords points="1474,734 1486,734 1486,773 1474,773"/>
          <Glyph id="c72">
            <Coords points="1474,734 1486,734 1486,773 1474,773"/>
            <TextEquiv>
              <Unicode>-</Unicode>
            </TextEquiv>
          </Glyph>
          <TextEquiv>
            <Unicode>-</Unicode>
          </TextEquiv>
        </Word>
        <Word id="w35">
          <Coords points="1491,734 1542,734 1542,773 1491,773"/>
          <Glyph id="c73">
            <Coords points="1491,734 1505,734 1505,773 1491,773"/>
            <TextEquiv>
              <Unicode>t</Unicode>
            </TextEquiv>
          </Glyph>
          <Glyph id="c74">
            <Coords points="1509,734 1520,734 1520,773 1509,773"/>
            <TextEquiv>
              <Unicode>l</Unicode>
            </TextEquiv>
          </Glyph>
          <Glyph id="c75">
            <Coords points="1522,734 1542,734 1542,773 1522,773"/>
            <TextEquiv>
              <Unicode>y</Unicode>
            </TextEquiv>
          </Glyph>
          <TextEquiv>
            <Unicode>tly</Unicode>
          </TextEquiv>
        </Word>
        <Word id="w36">
          <Coords points="1555,734 1660,734 1660,774 1555,774"/>
          <Glyph id="c76">
            <Coords points="1555,734 1571,734 1571,773 1555,773"/>
            <TextEquiv>
              <Unicode>k</Unicode>
            </TextEquiv>
          </Glyph>
          <Glyph id="c77">
            <Coords points="1574,734 1590,734 1590,773 1574,773"/>
            <TextEquiv>
              <Unicode>n</Unicode>
            </TextEquiv>
          </Glyph>
          <Glyph id="c78">
            <Coords points="1593,735 1608,735 1608,774 1593,774"/>
            <TextEquiv>
              <Unicode>o</Unicode>
            </TextEquiv>
          </Glyph>
          <Glyph id="c79">
            <Coords points="1611,735 1625,735 1625,774 1611,774"/>
            <TextEquiv>
              <Unicode>c</Unicode>
            </TextEquiv>
          </Glyph>
          <Glyph id="c80">
            <Coords points="1628,735 1645,735 1645,774 1628,774"/>
            <TextEquiv>
              <Unicode>k</Unicode>
            </TextEquiv>
          </Glyph>
          <Glyph id="c81">
            <Coords points="1648,735 1660,735 1660,774 1648,774"/>
            <TextEquiv>
              <Unicode>s</Unicode>
            </TextEquiv>
          </Glyph>
          <TextEquiv>
            <Unicode>knocks</Unicode>
          </TextEquiv>
        </Word>
        <Word id="w37">
          <Coords points="1667,735 1671,735 1671,774 1667,774"/>
          <Glyph id="c82">
            <Coords points="1667,735 1671,735 1671,774 1667,774"/>
            <TextEquiv>
              <Unicode>,</Unicode>
            </TextEquiv>
          </Glyph>
          <TextEquiv>
            <Unicode>,</Unicode>
          </TextEquiv>
        </Word>
        <Word id="w38">
          <Coords points="1679,735 1732,735 1732,774 1679,774"/>
          <Glyph id="c83">
            <Coords points="1679,735 1697,735 1697,774 1679,774"/>
            <TextEquiv>
              <Unicode>h</Unicode>
            </TextEquiv>
          </Glyph>
          <Glyph id="c84">
            <Coords points="1700,735 1716,735 1716,774 1700,774"/>
            <TextEquiv>
              <Unicode>a</Unicode>
            </TextEquiv>
          </Glyph>
          <Glyph id="c85">
            <Coords points="1720,735 1732,735 1732,774 1720,774"/>
            <TextEquiv>
              <Unicode>s</Unicode>
            </TextEquiv>
          </Glyph>
          <TextEquiv>
            <Unicode>has</Unicode>
          </TextEquiv>
        </Word>
        <Word id="w39">
          <Coords points="1742,735 1862,735 1862,775 1742,775"/>
          <Glyph id="c86">
            <Coords points="1742,735 1758,735 1758,774 1742,774"/>
            <TextEquiv>
              <Unicode>k</Unicode>
            </TextEquiv>
          </Glyph>
          <Glyph id="c87">
            <Coords points="1761,735 1777,735 1777,774 1761,774"/>
            <TextEquiv>
              <Unicode>n</Unicode>
            </TextEquiv>
          </Glyph>
          <Glyph id="c88">
            <Coords points="1780,735 1795,735 1795,774 1780,774"/>
            <TextEquiv>
              <Unicode>o</Unicode>
            </TextEquiv>
          </Glyph>
          <Glyph id="c89">
            <Coords points="1799,735 1812,735 1812,774 1799,774"/>
            <TextEquiv>
              <Unicode>c</Unicode>
            </TextEquiv>
          </Glyph>
          <Glyph id="c90">
            <Coords points="1817,735 1834,735 1834,774 1817,774"/>
            <TextEquiv>
              <Unicode>k</Unicode>
            </TextEquiv>
          </Glyph>
          <Glyph id="c91">
            <Coords points="1837,736 1844,736 1844,775 1837,775"/>
            <TextEquiv>
              <Unicode>'</Unicode>
            </TextEquiv>
          </Glyph>
          <Glyph id="c92">
            <Coords points="1845,736 1862,736 1862,775 1845,775"/>
            <TextEquiv>
              <Unicode>d</Unicode>
            </TextEquiv>
          </Glyph>
          <TextEquiv>
            <Unicode>knock'd</Unicode>
          </TextEquiv>
        </Word>
        <Word id="w40">
          <Coords points="1872,736 1915,736 1915,775 1872,775"/>
          <Glyph id="c93">
            <Coords points="1872,736 1895,736 1895,775 1872,775"/>
            <TextEquiv>
              <Unicode>b</Unicode>
            </TextEquiv>
          </Glyph>
          <Glyph id="c94">
            <Coords points="1898,736 1915,736 1915,775 1898,775"/>
            <TextEquiv>
              <Unicode>e</Unicode>
            </TextEquiv>
          </Glyph>
          <TextEquiv>
            <Unicode>be</Unicode>
          </TextEquiv>
        </Word>
        <Word id="w41">
          <Coords points="1919,736 1932,736 1932,775 1919,775"/>
          <Glyph id="c95">
            <Coords points="1919,736 1932,736 1932,775 1919,775"/>
            <TextEquiv>
              <Unicode>-</Unicode>
            </TextEquiv>
          </Glyph>
          <TextEquiv>
            <Unicode>-</Unicode>
          </TextEquiv>
        </Word>
        <Word id="w42">
          <Coords points="1936,736 2021,736 2021,775 1936,775"/>
          <Glyph id="c96">
            <Coords points="1936,736 1955,736 1955,775 1936,775"/>
            <TextEquiv>
              <Unicode>f</Unicode>
            </TextEquiv>
          </Glyph>
          <Glyph id="c97">
            <Coords points="1957,736 1978,736 1978,775 1957,775"/>
            <TextEquiv>
              <Unicode>o</Unicode>
            </TextEquiv>
          </Glyph>
          <Glyph id="c98">
            <Coords points="1982,736 1998,736 1998,775 1982,775"/>
            <TextEquiv>
              <Unicode>r</Unicode>
            </TextEquiv>
          </Glyph>
          <Glyph id="c99">
            <Coords points="2001,736 2021,736 2021,775 2001,775"/>
            <TextEquiv>
              <Unicode>e</Unicode>
            </TextEquiv>
          </Glyph>
          <TextEquiv>
            <Unicode>fore</Unicode>
          </TextEquiv>
        </Word>
        <Word id="w43">
          <Coords points="2031,736 2040,736 2040,775 2031,775"/>
          <Glyph id="c100">
            <Coords points="2031,736 2040,736 2040,775 2031,775"/>
            <TextEquiv>
              <Unicode>;</Unicode>
            </TextEquiv>
          </Glyph>
          <TextEquiv>
            <Unicode>;</Unicode>
          </TextEquiv>
        </Word>
        <TextEquiv>
          <Unicode/>
        </TextEquiv>
      </TextLine>
      <TextEquiv>
        <Unicode/>
      </TextEquiv>
    </TextRegion>
    <TextRegion id="r14">
      <Coords points="549,772 2040,777 2040,909 549,904"/>
      <TextLine id="l15">
        <Coords points="549,777 2040,777 2040,816 549,816"/>
        <Word id="w44">
          <Coords points="549,777 585,777 585,816 549,816"/>
          <Glyph id="c101">
            <Coords points="549,777 570,777 570,816 549,816"/>
            <TextEquiv>
              <Unicode>2</Unicode>
            </TextEquiv>
          </Glyph>
          <Glyph id="c102">
            <Coords points="577,777 585,777 585,816 577,816"/>
            <TextEquiv>
              <Unicode>.</Unicode>
            </TextEquiv>
          </Glyph>
          <TextEquiv>
            <Unicode>2.</Unicode>
          </TextEquiv>
        </Word>
        <Word id="w45">
          <Coords points="604,777 658,777 658,816 604,816"/>
          <Glyph id="c103">
            <Coords points="604,777 632,777 632,816 604,816"/>
            <TextEquiv>
              <Unicode>O</Unicode>
            </TextEquiv>
          </Glyph>
          <Glyph id="c104">
            <Coords points="634,777 658,777 658,816 634,816"/>
            <TextEquiv>
              <Unicode>h</Unicode>
            </TextEquiv>
          </Glyph>
          <TextEquiv>
            <Unicode>Oh</Unicode>
          </TextEquiv>
        </Word>
        <Word id="w46">
          <Coords points="663,777 670,777 670,816 663,816"/>
          <Glyph id="c105">
            <Coords points="663,777 670,777 670,816 663,816"/>
            <TextEquiv>
              <Unicode>,</Unicode>
            </TextEquiv>
          </Glyph>
          <TextEquiv>
            <Unicode>,</Unicode>
          </TextEquiv>
        </Word>
        <Word id="w47">
          <Coords points="705,777 791,777 791,816 705,816"/>
          <Glyph id="c106">
            <Coords points="705,777 717,777 717,816 705,816"/>
            <TextEquiv>
              <Unicode>l</Unicode>
            </TextEquiv>
          </Glyph>
          <Glyph id="c107">
            <Coords points="721,777 742,777 742,816 721,816"/>
            <TextEquiv>
              <Unicode>o</Unicode>
            </TextEquiv>
          </Glyph>
          <Glyph id="c108">
            <Coords points="746,777 765,777 765,816 746,816"/>
            <TextEquiv>
              <Unicode>v</Unicode>
            </TextEquiv>
          </Glyph>
          <Glyph id="c109">
            <Coords points="771,777 791,777 791,816 771,816"/>
            <TextEquiv>
              <Unicode>e</Unicode>
            </TextEquiv>
          </Glyph>
          <TextEquiv>
            <Unicode>love</Unicode>
          </TextEquiv>
        </Word>
        <Word id="w48">
          <Coords points="792,777 805,777 805,816 792,816"/>
          <Glyph id="c110">
            <Coords points="792,777 805,777 805,816 792,816"/>
            <TextEquiv>
              <Unicode>-</Unicode>
            </TextEquiv>
          </Glyph>
          <TextEquiv>
            <Unicode>-</Unicode>
          </TextEquiv>
        </Word>
        <Word id="w49">
          <Coords points="807,777 846,777 846,816 807,816"/>
          <Glyph id="c111">
            <Coords points="807,777 820,777 820,816 807,816"/>
            <TextEquiv>
              <Unicode>l</Unicode>
            </TextEquiv>
          </Glyph>
          <Glyph id="c112">
            <Coords points="823,777 846,777 846,816 823,816"/>
            <TextEquiv>
              <Unicode>y</Unicode>
            </TextEquiv>
          </Glyph>
          <TextEquiv>
            <Unicode>ly</Unicode>
          </TextEquiv>
        </Word>
        <Word id="w50">
          <Coords points="886,777 948,777 948,816 886,816"/>
          <Glyph id="c113">
            <Coords points="886,777 905,777 905,816 886,816"/>
            <TextEquiv>
              <Unicode>a</Unicode>
            </TextEquiv>
          </Glyph>
          <Glyph id="c114">
            <Coords points="907,777 921,777 921,816 907,816"/>
            <TextEquiv>
              <Unicode>t</Unicode>
            </TextEquiv>
          </Glyph>
          <Glyph id="c115">
            <Coords points="933,777 948,777 948,816 933,816"/>
            <TextEquiv>
              <Unicode>-</Unicode>
            </TextEquiv>
          </Glyph>
          <TextEquiv>
            <Unicode>at-</Unicode>
          </TextEquiv>
        </Word>
        <Word id="w51">
          <Coords points="965,777 1083,777 1083,816 965,816"/>
          <Glyph id="c116">
            <Coords points="965,777 978,777 978,816 965,816"/>
            <TextEquiv>
              <Unicode>t</Unicode>
            </TextEquiv>
          </Glyph>
          <Glyph id="c117">
            <Coords points="983,777 993,777 993,816 983,816"/>
            <TextEquiv>
              <Unicode>i</Unicode>
            </TextEquiv>
          </Glyph>
          <Glyph id="c118">
            <Coords points="996,777 1010,777 1010,816 996,816"/>
            <TextEquiv>
              <Unicode>t</Unicode>
            </TextEquiv>
          </Glyph>
          <Glyph id="c119">
            <Coords points="1015,777 1035,777 1035,816 1015,816"/>
            <TextEquiv>
              <Unicode>u</Unicode>
            </TextEquiv>
          </Glyph>
          <Glyph id="c120">
            <Coords points="1041,777 1061,777 1061,816 1041,816"/>
            <TextEquiv>
              <Unicode>d</Unicode>
            </TextEquiv>
          </Glyph>
          <Glyph id="c121">
            <Coords points="1066,777 1083,777 1083,816 1066,816"/>
            <TextEquiv>
              <Unicode>e</Unicode>
            </TextEquiv>
          </Glyph>
          <TextEquiv>
            <Unicode>titude</Unicode>
          </TextEquiv>
        </Word>
        <Word id="w52">
          <Coords points="1089,777 1096,777 1096,816 1089,816"/>
          <Glyph id="c122">
            <Coords points="1089,777 1096,777 1096,816 1089,816"/>
            <TextEquiv>
              <Unicode>,</Unicode>
            </TextEquiv>
          </Glyph>
          <TextEquiv>
            <Unicode>,</Unicode>
          </TextEquiv>
        </Word>
        <Word id="w53">
          <Coords points="1104,777 1199,777 1199,816 1104,816"/>
          <Glyph id="c123">
            <Coords points="1104,777 1136,777 1136,816 1104,816"/>
            <TextEquiv>
              <Unicode>-</Unicode>
            </TextEquiv>
          </Glyph>
          <Glyph id="c124">
            <Coords points="1150,777 1183,777 1183,816 1150,816"/>
            <TextEquiv>
              <Unicode>H</Unicode>
            </TextEquiv>
          </Glyph>
          <Glyph id="c125">
            <Coords points="1183,777 1199,777 1199,816 1183,816"/>
            <TextEquiv>
              <Unicode>e</Unicode>
            </TextEquiv>
          </Glyph>
          <TextEquiv>
            <Unicode>-He</Unicode>
          </TextEquiv>
        </Word>
        <Word id="w54">
          <Coords points="1207,777 1309,777 1309,816 1207,816"/>
          <Glyph id="c126">
            <Coords points="1207,777 1221,777 1221,816 1207,816"/>
            <TextEquiv>
              <Unicode>s</Unicode>
            </TextEquiv>
          </Glyph>
          <Glyph id="c127">
            <Coords points="1225,777 1237,777 1237,816 1225,816"/>
            <TextEquiv>
              <Unicode>t</Unicode>
            </TextEquiv>
          </Glyph>
          <Glyph id="c128">
            <Coords points="1237,777 1255,777 1255,816 1237,816"/>
            <TextEquiv>
              <Unicode>a</Unicode>
            </TextEquiv>
          </Glyph>
          <Glyph id="c129">
            <Coords points="1257,777 1274,777 1274,816 1257,816"/>
            <TextEquiv>
              <Unicode>n</Unicode>
            </TextEquiv>
          </Glyph>
          <Glyph id="c130">
            <Coords points="1276,777 1293,777 1293,816 1276,816"/>
            <TextEquiv>
              <Unicode>d</Unicode>
            </TextEquiv>
          </Glyph>
          <Glyph id="c131">
            <Coords points="1296,777 1309,777 1309,816 1296,816"/>
            <TextEquiv>
              <Unicode>s</Unicode>
            </TextEquiv>
          </Glyph>
          <TextEquiv>
            <Unicode>stands</Unicode>
          </TextEquiv>
        </Word>
        <Word id="w55">
          <Coords points="1316,777 1322,777 1322,816 1316,816"/>
          <Glyph id="c132">
            <Coords points="1316,777 1322,777 1322,816 1316,816"/>
            <TextEquiv>
              <Unicode>,</Unicode>
            </TextEquiv>
          </Glyph>
          <TextEquiv>
            <Unicode>,</Unicode>
          </TextEquiv>
        </Word>
        <Word id="w56">
          <Coords points="1331,777 1421,777 1421,816 1331,816"/>
          <Glyph id="c133">
            <Coords points="1331,777 1369,777 1369,816 1331,816"/>
            <TextEquiv>
              <Unicode>W</Unicode>
            </TextEquiv>
          </Glyph>
          <Glyph id="c134">
            <Coords points="1376,777 1386,777 1386,816 1376,816"/>
            <TextEquiv>
              <Unicode>i</Unicode>
            </TextEquiv>
          </Glyph>
          <Glyph id="c135">
            <Coords points="1387,777 1400,777 1400,816 1387,816"/>
            <TextEquiv>
              <Unicode>t</Unicode>
            </TextEquiv>
          </Glyph>
          <Glyph id="c136">
            <Coords points="1402,777 1421,777 1421,816 1402,816"/>
            <TextEquiv>
              <Unicode>h</Unicode>
            </TextEquiv>
          </Glyph>
          <TextEquiv>
            <Unicode>With</Unicode>
          </TextEquiv>
        </Word>
        <Word id="w57">
          <Coords points="1430,777 1549,777 1549,816 1430,816"/>
          <Glyph id="c137">
            <Coords points="1430,777 1456,777 1456,816 1430,816"/>
            <TextEquiv>
              <Unicode>m</Unicode>
            </TextEquiv>
          </Glyph>
          <Glyph id="c138">
            <Coords points="1457,777 1472,777 1472,816 1457,816"/>
            <TextEquiv>
              <Unicode>e</Unicode>
            </TextEquiv>
          </Glyph>
          <Glyph id="c139">
            <Coords points="1474,777 1483,777 1483,816 1474,816"/>
            <TextEquiv>
              <Unicode>l</Unicode>
            </TextEquiv>
          </Glyph>
          <Glyph id="c140">
            <Coords points="1486,777 1498,777 1498,816 1486,816"/>
            <TextEquiv>
              <Unicode>t</Unicode>
            </TextEquiv>
          </Glyph>
          <Glyph id="c141">
            <Coords points="1499,777 1509,777 1509,816 1499,816"/>
            <TextEquiv>
              <Unicode>i</Unicode>
            </TextEquiv>
          </Glyph>
          <Glyph id="c142">
            <Coords points="1512,777 1529,777 1529,816 1512,816"/>
            <TextEquiv>
              <Unicode>n</Unicode>
            </TextEquiv>
          </Glyph>
          <Glyph id="c143">
            <Coords points="1531,777 1549,777 1549,816 1531,816"/>
            <TextEquiv>
              <Unicode>g</Unicode>
            </TextEquiv>
          </Glyph>
          <TextEquiv>
            <Unicode>melting</Unicode>
          </TextEquiv>
        </Word>
        <Word id="w58">
          <Coords points="1556,777 1662,777 1662,816 1556,816"/>
          <Glyph id="c144">
            <Coords points="1556,777 1577,777 1577,816 1556,816"/>
            <TextEquiv>
              <Unicode>h</Unicode>
            </TextEquiv>
          </Glyph>
          <Glyph id="c145">
            <Coords points="1582,777 1601,777 1601,816 1582,816"/>
            <TextEquiv>
              <Unicode>e</Unicode>
            </TextEquiv>
          </Glyph>
          <Glyph id="c146">
            <Coords points="1602,777 1623,777 1623,816 1602,816"/>
            <TextEquiv>
              <Unicode>a</Unicode>
            </TextEquiv>
          </Glyph>
          <Glyph id="c147">
            <Coords points="1626,777 1643,777 1643,816 1626,816"/>
            <TextEquiv>
              <Unicode>r</Unicode>
            </TextEquiv>
          </Glyph>
          <Glyph id="c148">
            <Coords points="1647,777 1662,777 1662,816 1647,816"/>
            <TextEquiv>
              <Unicode>t</Unicode>
            </TextEquiv>
          </Glyph>
          <TextEquiv>
            <Unicode>heart</Unicode>
          </TextEquiv>
        </Word>
        <Word id="w59">
          <Coords points="1674,777 1745,777 1745,816 1674,816"/>
          <Glyph id="c149">
            <Coords points="1674,777 1694,777 1694,816 1674,816"/>
            <TextEquiv>
              <Unicode>a</Unicode>
            </TextEquiv>
          </Glyph>
          <Glyph id="c150">
            <Coords points="1697,777 1719,777 1719,816 1697,816"/>
            <TextEquiv>
              <Unicode>n</Unicode>
            </TextEquiv>
          </Glyph>
          <Glyph id="c151">
            <Coords points="1722,777 1745,777 1745,816 1722,816"/>
            <TextEquiv>
              <Unicode>d</Unicode>
            </TextEquiv>
          </Glyph>
          <TextEquiv>
            <Unicode>and</Unicode>
          </TextEquiv>
        </Word>
        <Word id="w60">
          <Coords points="1757,777 1891,777 1891,816 1757,816"/>
          <Glyph id="c152">
            <Coords points="1757,777 1769,777 1769,816 1757,816"/>
            <TextEquiv>
              <Unicode>l</Unicode>
            </TextEquiv>
          </Glyph>
          <Glyph id="c153">
            <Coords points="1773,777 1793,777 1793,816 1773,816"/>
            <TextEquiv>
              <Unicode>o</Unicode>
            </TextEquiv>
          </Glyph>
          <Glyph id="c154">
            <Coords points="1796,777 1818,777 1818,816 1796,816"/>
            <TextEquiv>
              <Unicode>a</Unicode>
            </TextEquiv>
          </Glyph>
          <Glyph id="c155">
            <Coords points="1821,777 1843,777 1843,816 1821,816"/>
            <TextEquiv>
              <Unicode>d</Unicode>
            </TextEquiv>
          </Glyph>
          <Glyph id="c156">
            <Coords points="1846,777 1866,777 1866,816 1846,816"/>
            <TextEquiv>
              <Unicode>e</Unicode>
            </TextEquiv>
          </Glyph>
          <Glyph id="c157">
            <Coords points="1869,777 1891,777 1891,816 1869,816"/>
            <TextEquiv>
              <Unicode>d</Unicode>
            </TextEquiv>
          </Glyph>
          <TextEquiv>
            <Unicode>loaded</Unicode>
          </TextEquiv>
        </Word>
        <Word id="w61">
          <Coords points="1900,777 2019,777 2019,816 1900,816"/>
          <Glyph id="c158">
            <Coords points="1900,777 1923,777 1923,816 1900,816"/>
            <TextEquiv>
              <Unicode>h</Unicode>
            </TextEquiv>
          </Glyph>
          <Glyph id="c159">
            <Coords points="1925,777 1948,777 1948,816 1925,816"/>
            <TextEquiv>
              <Unicode>a</Unicode>
            </TextEquiv>
          </Glyph>
          <Glyph id="c160">
            <Coords points="1951,777 1974,777 1974,816 1951,816"/>
            <TextEquiv>
              <Unicode>n</Unicode>
            </TextEquiv>
          </Glyph>
          <Glyph id="c161">
            <Coords points="1976,777 1998,777 1998,816 1976,816"/>
            <TextEquiv>
              <Unicode>d</Unicode>
            </TextEquiv>
          </Glyph>
          <Glyph id="c162">
            <Coords points="2003,777 2019,777 2019,816 2003,816"/>
            <TextEquiv>
              <Unicode>s</Unicode>
            </TextEquiv>
          </Glyph>
          <TextEquiv>
            <Unicode>hands</Unicode>
          </TextEquiv>
        </Word>
        <Word id="w62">
          <Coords points="2030,777 2040,777 2040,816 2030,816"/>
          <Glyph id="c163">
            <Coords points="2030,777 2040,777 2040,816 2030,816"/>
            <TextEquiv>
              <Unicode>;</Unicode>
            </TextEquiv>
          </Glyph>
          <TextEquiv>
            <Unicode>;</Unicode>
          </TextEquiv>
        </Word>
        <TextEquiv>
          <Unicode/>
        </TextEquiv>
      </TextLine>
      <TextLine id="l16">
        <Coords points="550,819 2040,819 2040,866 550,866"/>
        <Word id="w63">
          <Coords points="550,819 585,819 585,858 550,858"/>
          <Glyph id="c164">
            <Coords points="550,819 571,819 571,858 550,858"/>
            <TextEquiv>
              <Unicode>3</Unicode>
            </TextEquiv>
          </Glyph>
          <Glyph id="c165">
            <Coords points="576,819 585,819 585,858 576,858"/>
            <TextEquiv>
              <Unicode>.</Unicode>
            </TextEquiv>
          </Glyph>
          <TextEquiv>
            <Unicode>3.</Unicode>
          </TextEquiv>
        </Word>
        <Word id="w64">
          <Coords points="599,819 674,819 674,858 599,858"/>
          <Glyph id="c166">
            <Coords points="599,819 627,819 627,858 599,858"/>
            <TextEquiv>
              <Unicode>R</Unicode>
            </TextEquiv>
          </Glyph>
          <Glyph id="c167">
            <Coords points="630,819 641,819 641,858 630,858"/>
            <TextEquiv>
              <Unicode>i</Unicode>
            </TextEquiv>
          </Glyph>
          <Glyph id="c168">
            <Coords points="643,819 657,819 657,858 643,858"/>
            <TextEquiv>
              <Unicode>s</Unicode>
            </TextEquiv>
          </Glyph>
          <Glyph id="c169">
            <Coords points="658,819 674,819 674,858 658,858"/>
            <TextEquiv>
              <Unicode>e</Unicode>
            </TextEquiv>
          </Glyph>
          <TextEquiv>
            <Unicode>Rise</Unicode>
          </TextEquiv>
        </Word>
        <Word id="w65">
          <Coords points="678,819 685,819 685,858 678,858"/>
          <Glyph id="c170">
            <Coords points="678,819 685,819 685,858 678,858"/>
            <TextEquiv>
              <Unicode>,</Unicode>
            </TextEquiv>
          </Glyph>
          <TextEquiv>
            <Unicode>,</Unicode>
          </TextEquiv>
        </Word>
        <Word id="w66">
          <Coords points="691,819 809,820 809,860 691,859"/>
          <Glyph id="c171">
            <Coords points="691,819 703,819 703,858 691,858"/>
            <TextEquiv>
              <Unicode>t</Unicode>
            </TextEquiv>
          </Glyph>
          <Glyph id="c172">
            <Coords points="705,819 721,819 721,858 705,858"/>
            <TextEquiv>
              <Unicode>o</Unicode>
            </TextEquiv>
          </Glyph>
          <Glyph id="c173">
            <Coords points="722,819 740,819 740,858 722,858"/>
            <TextEquiv>
              <Unicode>u</Unicode>
            </TextEquiv>
          </Glyph>
          <Glyph id="c174">
            <Coords points="744,820 759,820 759,859 744,859"/>
            <TextEquiv>
              <Unicode>c</Unicode>
            </TextEquiv>
          </Glyph>
          <Glyph id="c175">
            <Coords points="762,820 781,820 781,859 762,859"/>
            <TextEquiv>
              <Unicode>h</Unicode>
            </TextEquiv>
          </Glyph>
          <Glyph id="c176">
            <Coords points="782,820 791,820 791,859 782,859"/>
            <TextEquiv>
              <Unicode>'</Unicode>
            </TextEquiv>
          </Glyph>
          <Glyph id="c177">
            <Coords points="791,820 809,820 809,859 791,859"/>
            <TextEquiv>
              <Unicode>d</Unicode>
            </TextEquiv>
          </Glyph>
          <TextEquiv>
            <Unicode>touch'd</Unicode>
          </TextEquiv>
        </Word>
        <Word id="w67">
          <Coords points="821,820 889,820 889,859 821,859"/>
          <Glyph id="c178">
            <Coords points="821,820 841,820 841,859 821,859"/>
            <TextEquiv>
              <Unicode>w</Unicode>
            </TextEquiv>
          </Glyph>
          <Glyph id="c179">
            <Coords points="846,820 854,820 854,859 846,859"/>
            <TextEquiv>
              <Unicode>i</Unicode>
            </TextEquiv>
          </Glyph>
          <Glyph id="c180">
            <Coords points="858,820 868,820 868,859 858,859"/>
            <TextEquiv>
              <Unicode>t</Unicode>
            </TextEquiv>
          </Glyph>
          <Glyph id="c181">
            <Coords points="873,820 889,820 889,859 873,859"/>
            <TextEquiv>
              <Unicode>h</Unicode>
            </TextEquiv>
          </Glyph>
          <TextEquiv>
            <Unicode>with</Unicode>
          </TextEquiv>
        </Word>
        <Word id="w68">
          <Coords points="901,820 967,820 967,860 901,860"/>
          <Glyph id="c182">
            <Coords points="901,820 918,820 918,859 901,859"/>
            <TextEquiv>
              <Unicode>g</Unicode>
            </TextEquiv>
          </Glyph>
          <Glyph id="c183">
            <Coords points="921,820 933,820 933,859 921,859"/>
            <TextEquiv>
              <Unicode>r</Unicode>
            </TextEquiv>
          </Glyph>
          <Glyph id="c184">
            <Coords points="937,821 953,821 953,860 937,860"/>
            <TextEquiv>
              <Unicode>a</Unicode>
            </TextEquiv>
          </Glyph>
          <Glyph id="c185">
            <Coords points="956,821 967,821 967,860 956,860"/>
            <TextEquiv>
              <Unicode>t</Unicode>
            </TextEquiv>
          </Glyph>
          <TextEquiv>
            <Unicode>grat</Unicode>
          </TextEquiv>
        </Word>
        <Word id="w69">
          <Coords points="979,821 993,821 993,860 979,860"/>
          <Glyph id="c186">
            <Coords points="979,821 993,821 993,860 979,860"/>
            <TextEquiv>
              <Unicode>-</Unicode>
            </TextEquiv>
          </Glyph>
          <TextEquiv>
            <Unicode>-</Unicode>
          </TextEquiv>
        </Word>
        <Word id="w70">
          <Coords points="1003,821 1040,821 1040,860 1003,860"/>
          <Glyph id="c187">
            <Coords points="1003,821 1012,821 1012,860 1003,860"/>
            <TextEquiv>
              <Unicode>i</Unicode>
            </TextEquiv>
          </Glyph>
          <Glyph id="c188">
            <Coords points="1026,821 1040,821 1040,860 1026,860"/>
            <TextEquiv>
              <Unicode>-</Unicode>
            </TextEquiv>
          </Glyph>
          <TextEquiv>
            <Unicode>i-</Unicode>
          </TextEquiv>
        </Word>
        <Word id="w71">
          <Coords points="1052,821 1121,821 1121,860 1052,860"/>
          <Glyph id="c189">
            <Coords points="1052,821 1064,821 1064,860 1052,860"/>
            <TextEquiv>
              <Unicode>t</Unicode>
            </TextEquiv>
          </Glyph>
          <Glyph id="c190">
            <Coords points="1067,821 1083,821 1083,860 1067,860"/>
            <TextEquiv>
              <Unicode>u</Unicode>
            </TextEquiv>
          </Glyph>
          <Glyph id="c191">
            <Coords points="1085,821 1102,821 1102,860 1085,860"/>
            <TextEquiv>
              <Unicode>d</Unicode>
            </TextEquiv>
          </Glyph>
          <Glyph id="c192">
            <Coords points="1107,821 1121,821 1121,860 1107,860"/>
            <TextEquiv>
              <Unicode>e</Unicode>
            </TextEquiv>
          </Glyph>
          <TextEquiv>
            <Unicode>tude</Unicode>
          </TextEquiv>
        </Word>
        <Word id="w72">
          <Coords points="1157,821 1281,822 1281,862 1157,861"/>
          <Glyph id="c193">
            <Coords points="1157,822 1175,822 1175,861 1157,861"/>
            <TextEquiv>
              <Unicode>d</Unicode>
            </TextEquiv>
          </Glyph>
          <Glyph id="c194">
            <Coords points="1183,822 1193,822 1193,861 1183,861"/>
            <TextEquiv>
              <Unicode>i</Unicode>
            </TextEquiv>
          </Glyph>
          <Glyph id="c195">
            <Coords points="1198,822 1216,822 1216,861 1198,861"/>
            <TextEquiv>
              <Unicode>v</Unicode>
            </TextEquiv>
          </Glyph>
          <Glyph id="c196">
            <Coords points="1222,822 1232,822 1232,861 1222,861"/>
            <TextEquiv>
              <Unicode>i</Unicode>
            </TextEquiv>
          </Glyph>
          <Glyph id="c197">
            <Coords points="1237,822 1257,822 1257,861 1237,861"/>
            <TextEquiv>
              <Unicode>n</Unicode>
            </TextEquiv>
          </Glyph>
          <Glyph id="c198">
            <Coords points="1264,822 1281,822 1281,861 1264,861"/>
            <TextEquiv>
              <Unicode>e</Unicode>
            </TextEquiv>
          </Glyph>
          <TextEquiv>
            <Unicode>divine</Unicode>
          </TextEquiv>
        </Word>
        <Word id="w73">
          <Coords points="1289,822 1295,822 1295,861 1289,861"/>
          <Glyph id="c199">
            <Coords points="1289,822 1295,822 1295,861 1289,861"/>
            <TextEquiv>
              <Unicode>,</Unicode>
            </TextEquiv>
          </Glyph>
          <TextEquiv>
            <Unicode>,</Unicode>
          </TextEquiv>
        </Word>
        <Word id="w74">
          <Coords points="1302,822 1404,823 1404,863 1302,862"/>
          <Glyph id="c200">
            <Coords points="1302,822 1329,822 1329,861 1302,861"/>
            <TextEquiv>
              <Unicode>T</Unicode>
            </TextEquiv>
          </Glyph>
          <Glyph id="c201">
            <Coords points="1333,823 1355,823 1355,862 1333,862"/>
            <TextEquiv>
              <Unicode>u</Unicode>
            </TextEquiv>
          </Glyph>
          <Glyph id="c202">
            <Coords points="1360,823 1377,823 1377,862 1360,862"/>
            <TextEquiv>
              <Unicode>r</Unicode>
            </TextEquiv>
          </Glyph>
          <Glyph id="c203">
            <Coords points="1382,823 1404,823 1404,862 1382,862"/>
            <TextEquiv>
              <Unicode>n</Unicode>
            </TextEquiv>
          </Glyph>
          <TextEquiv>
            <Unicode>Turn</Unicode>
          </TextEquiv>
        </Word>
        <Word id="w75">
          <Coords points="1416,823 1481,823 1481,862 1416,862"/>
          <Glyph id="c204">
            <Coords points="1416,823 1437,823 1437,862 1416,862"/>
            <TextEquiv>
              <Unicode>o</Unicode>
            </TextEquiv>
          </Glyph>
          <Glyph id="c205">
            <Coords points="1441,823 1461,823 1461,862 1441,862"/>
            <TextEquiv>
              <Unicode>u</Unicode>
            </TextEquiv>
          </Glyph>
          <Glyph id="c206">
            <Coords points="1466,823 1481,823 1481,862 1466,862"/>
            <TextEquiv>
              <Unicode>t</Unicode>
            </TextEquiv>
          </Glyph>
          <TextEquiv>
            <Unicode>out</Unicode>
          </TextEquiv>
        </Word>
        <Word id="w76">
          <Coords points="1501,824 1565,824 1565,863 1501,863"/>
          <Glyph id="c207">
            <Coords points="1501,824 1532,824 1532,863 1501,863"/>
            <TextEquiv>
              <Unicode>H</Unicode>
            </TextEquiv>
          </Glyph>
          <Glyph id="c208">
            <Coords points="1535,824 1546,824 1546,863 1535,863"/>
            <TextEquiv>
              <Unicode>i</Unicode>
            </TextEquiv>
          </Glyph>
          <Glyph id="c209">
            <Coords points="1550,824 1565,824 1565,863 1550,863"/>
            <TextEquiv>
              <Unicode>s</Unicode>
            </TextEquiv>
          </Glyph>
          <TextEquiv>
            <Unicode>His</Unicode>
          </TextEquiv>
        </Word>
        <Word id="w77">
          <Coords points="1593,824 1638,824 1638,863 1593,863"/>
          <Glyph id="c210">
            <Coords points="1593,824 1610,824 1610,863 1593,863"/>
            <TextEquiv>
              <Unicode>e</Unicode>
            </TextEquiv>
          </Glyph>
          <Glyph id="c211">
            <Coords points="1617,824 1638,824 1638,863 1617,863"/>
            <TextEquiv>
              <Unicode>n</Unicode>
            </TextEquiv>
          </Glyph>
          <TextEquiv>
            <Unicode>en</Unicode>
          </TextEquiv>
        </Word>
        <Word id="w78">
          <Coords points="1697,825 1716,825 1716,864 1697,864"/>
          <Glyph id="c212">
            <Coords points="1697,825 1716,825 1716,864 1697,864"/>
            <TextEquiv>
              <Unicode>e</Unicode>
            </TextEquiv>
          </Glyph>
          <TextEquiv>
            <Unicode>e</Unicode>
          </TextEquiv>
        </Word>
        <Word id="w79">
          <Coords points="1732,825 1746,825 1746,864 1732,864"/>
          <Glyph id="c213">
            <Coords points="1732,825 1746,825 1746,864 1732,864"/>
            <TextEquiv>
              <Unicode>-</Unicode>
            </TextEquiv>
          </Glyph>
          <TextEquiv>
            <Unicode>-</Unicode>
          </TextEquiv>
        </Word>
        <Word id="w80">
          <Coords points="1760,825 1819,825 1819,864 1760,864"/>
          <Glyph id="c214">
            <Coords points="1760,825 1792,825 1792,864 1760,864"/>
            <TextEquiv>
              <Unicode>m</Unicode>
            </TextEquiv>
          </Glyph>
          <Glyph id="c215">
            <Coords points="1798,825 1819,825 1819,864 1798,864"/>
            <TextEquiv>
              <Unicode>y</Unicode>
            </TextEquiv>
          </Glyph>
          <TextEquiv>
            <Unicode>my</Unicode>
          </TextEquiv>
        </Word>
        <Word id="w81">
          <Coords points="1839,825 1911,825 1911,865 1839,865"/>
          <Glyph id="c216">
            <Coords points="1839,825 1860,825 1860,864 1839,864"/>
            <TextEquiv>
              <Unicode>a</Unicode>
            </TextEquiv>
          </Glyph>
          <Glyph id="c217">
            <Coords points="1862,825 1883,825 1883,864 1862,864"/>
            <TextEquiv>
              <Unicode>n</Unicode>
            </TextEquiv>
          </Glyph>
          <Glyph id="c218">
            <Coords points="1888,826 1911,826 1911,865 1888,865"/>
            <TextEquiv>
              <Unicode>d</Unicode>
            </TextEquiv>
          </Glyph>
          <TextEquiv>
            <Unicode>and</Unicode>
          </TextEquiv>
        </Word>
        <Word id="w82">
          <Coords points="1921,826 2027,827 2027,866 1921,865"/>
          <Glyph id="c219">
            <Coords points="1921,826 1937,826 1937,865 1921,865"/>
            <TextEquiv>
              <Unicode>t</Unicode>
            </TextEquiv>
          </Glyph>
          <Glyph id="c220">
            <Coords points="1938,826 1961,826 1961,865 1938,865"/>
            <TextEquiv>
              <Unicode>h</Unicode>
            </TextEquiv>
          </Glyph>
          <Glyph id="c221">
            <Coords points="1965,826 1979,826 1979,865 1965,865"/>
            <TextEquiv>
              <Unicode>i</Unicode>
            </TextEquiv>
          </Glyph>
          <Glyph id="c222">
            <Coords points="1982,826 2004,826 2004,865 1982,865"/>
            <TextEquiv>
              <Unicode>n</Unicode>
            </TextEquiv>
          </Glyph>
          <Glyph id="c223">
            <Coords points="2007,826 2027,826 2027,865 2007,865"/>
            <TextEquiv>
              <Unicode>e</Unicode>
            </TextEquiv>
          </Glyph>
          <TextEquiv>
            <Unicode>thine</Unicode>
          </TextEquiv>
        </Word>
        <Word id="w83">
          <Coords points="2031,826 2040,826 2040,865 2031,865"/>
          <Glyph id="c224">
            <Coords points="2031,826 2040,826 2040,865 2031,865"/>
            <TextEquiv>
              <Unicode>,</Unicode>
            </TextEquiv>
          </Glyph>
          <TextEquiv>
            <Unicode>,</Unicode>
          </TextEquiv>
        </Word>
        <TextEquiv>
          <Unicode/>
        </TextEquiv>
      </TextLine>
      <TextLine id="l17">
        <Coords points="549,862 2025,862 2025,909 549,909"/>
        <Word id="w84">
          <Coords points="549,862 586,862 586,902 549,902"/>
          <Glyph id="c225">
            <Coords points="549,862 570,862 570,902 549,902"/>
            <TextEquiv>
              <Unicode>4</Unicode>
            </TextEquiv>
          </Glyph>
          <Glyph id="c226">
            <Coords points="578,862 586,862 586,902 578,902"/>
            <TextEquiv>
              <Unicode>.</Unicode>
            </TextEquiv>
          </Glyph>
          <TextEquiv>
            <Unicode>4.</Unicode>
          </TextEquiv>
        </Word>
        <Word id="w85">
          <Coords points="604,862 686,862 686,902 604,902"/>
          <Glyph id="c227">
            <Coords points="604,862 632,862 632,902 604,902"/>
            <TextEquiv>
              <Unicode>A</Unicode>
            </TextEquiv>
          </Glyph>
          <Glyph id="c228">
            <Coords points="636,862 659,862 659,902 636,902"/>
            <TextEquiv>
              <Unicode>d</Unicode>
            </TextEquiv>
          </Glyph>
          <Glyph id="c229">
            <Coords points="671,862 686,862 686,902 671,902"/>
            <TextEquiv>
              <Unicode>-</Unicode>
            </TextEquiv>
          </Glyph>
          <TextEquiv>
            <Unicode>Ad-</Unicode>
          </TextEquiv>
        </Word>
        <Word id="w86">
          <Coords points="715,862 781,862 781,903 715,903"/>
          <Glyph id="c230">
            <Coords points="715,862 746,862 746,902 715,902"/>
            <TextEquiv>
              <Unicode>m</Unicode>
            </TextEquiv>
          </Glyph>
          <Glyph id="c231">
            <Coords points="753,862 764,862 764,902 753,902"/>
            <TextEquiv>
              <Unicode>i</Unicode>
            </TextEquiv>
          </Glyph>
          <Glyph id="c232">
            <Coords points="768,863 781,863 781,903 768,903"/>
            <TextEquiv>
              <Unicode>t</Unicode>
            </TextEquiv>
          </Glyph>
          <TextEquiv>
            <Unicode>mit</Unicode>
          </TextEquiv>
        </Word>
        <Word id="w87">
          <Coords points="798,863 879,863 879,903 798,903"/>
          <Glyph id="c233">
            <Coords points="798,863 826,863 826,903 798,903"/>
            <TextEquiv>
              <Unicode>H</Unicode>
            </TextEquiv>
          </Glyph>
          <Glyph id="c234">
            <Coords points="831,863 842,863 842,903 831,903"/>
            <TextEquiv>
              <Unicode>i</Unicode>
            </TextEquiv>
          </Glyph>
          <Glyph id="c235">
            <Coords points="847,863 879,863 879,903 847,903"/>
            <TextEquiv>
              <Unicode>m</Unicode>
            </TextEquiv>
          </Glyph>
          <TextEquiv>
            <Unicode>Him</Unicode>
          </TextEquiv>
        </Word>
        <Word id="w88">
          <Coords points="893,863 953,863 953,903 893,903"/>
          <Glyph id="c236">
            <Coords points="893,863 910,863 910,903 893,903"/>
            <TextEquiv>
              <Unicode>e</Unicode>
            </TextEquiv>
          </Glyph>
          <Glyph id="c237">
            <Coords points="915,863 930,863 930,903 915,903"/>
            <TextEquiv>
              <Unicode>r</Unicode>
            </TextEquiv>
          </Glyph>
          <Glyph id="c238">
            <Coords points="936,863 953,863 953,903 936,903"/>
            <TextEquiv>
              <Unicode>e</Unicode>
            </TextEquiv>
          </Glyph>
          <TextEquiv>
            <Unicode>ere</Unicode>
          </TextEquiv>
        </Word>
        <Word id="w89">
          <Coords points="969,864 1033,864 1033,904 969,904"/>
          <Glyph id="c239">
            <Coords points="969,864 998,864 998,904 969,904"/>
            <TextEquiv>
              <Unicode>H</Unicode>
            </TextEquiv>
          </Glyph>
          <Glyph id="c240">
            <Coords points="1002,864 1013,864 1013,904 1002,904"/>
            <TextEquiv>
              <Unicode>i</Unicode>
            </TextEquiv>
          </Glyph>
          <Glyph id="c241">
            <Coords points="1018,864 1033,864 1033,904 1018,904"/>
            <TextEquiv>
              <Unicode>s</Unicode>
            </TextEquiv>
          </Glyph>
          <TextEquiv>
            <Unicode>His</Unicode>
          </TextEquiv>
        </Word>
        <Word id="w90">
          <Coords points="1059,864 1104,864 1104,904 1059,904"/>
          <Glyph id="c242">
            <Coords points="1059,864 1079,864 1079,904 1059,904"/>
            <TextEquiv>
              <Unicode>a</Unicode>
            </TextEquiv>
          </Glyph>
          <Glyph id="c243">
            <Coords points="1084,864 1104,864 1104,904 1084,904"/>
            <TextEquiv>
              <Unicode>n</Unicode>
            </TextEquiv>
          </Glyph>
          <TextEquiv>
            <Unicode>an</Unicode>
          </TextEquiv>
        </Word>
        <Word id="w91">
          <Coords points="1110,864 1122,864 1122,904 1110,904"/>
          <Glyph id="c244">
            <Coords points="1110,864 1122,864 1122,904 1110,904"/>
            <TextEquiv>
              <Unicode>-</Unicode>
            </TextEquiv>
          </Glyph>
          <TextEquiv>
            <Unicode>-</Unicode>
          </TextEquiv>
        </Word>
        <Word id="w92">
          <Coords points="1124,864 1188,864 1188,905 1124,905"/>
          <Glyph id="c245">
            <Coords points="1124,864 1147,864 1147,904 1124,904"/>
            <TextEquiv>
              <Unicode>g</Unicode>
            </TextEquiv>
          </Glyph>
          <Glyph id="c246">
            <Coords points="1151,864 1168,864 1168,904 1151,904"/>
            <TextEquiv>
              <Unicode>e</Unicode>
            </TextEquiv>
          </Glyph>
          <Glyph id="c247">
            <Coords points="1173,865 1188,865 1188,905 1173,905"/>
            <TextEquiv>
              <Unicode>r</Unicode>
            </TextEquiv>
          </Glyph>
          <TextEquiv>
            <Unicode>ger</Unicode>
          </TextEquiv>
        </Word>
        <Word id="w93">
          <Coords points="1200,865 1272,865 1272,905 1200,905"/>
          <Glyph id="c248">
            <Coords points="1200,865 1216,865 1216,905 1200,905"/>
            <TextEquiv>
              <Unicode>b</Unicode>
            </TextEquiv>
          </Glyph>
          <Glyph id="c249">
            <Coords points="1220,865 1236,865 1236,905 1220,905"/>
            <TextEquiv>
              <Unicode>u</Unicode>
            </TextEquiv>
          </Glyph>
          <Glyph id="c250">
            <Coords points="1239,865 1251,865 1251,905 1239,905"/>
            <TextEquiv>
              <Unicode>r</Unicode>
            </TextEquiv>
          </Glyph>
          <Glyph id="c251">
            <Coords points="1255,865 1272,865 1272,905 1255,905"/>
            <TextEquiv>
              <Unicode>n</Unicode>
            </TextEquiv>
          </Glyph>
          <TextEquiv>
            <Unicode>burn</Unicode>
          </TextEquiv>
        </Word>
        <Word id="w94">
          <Coords points="1277,865 1284,865 1284,905 1277,905"/>
          <Glyph id="c252">
            <Coords points="1277,865 1284,865 1284,905 1277,905"/>
            <TextEquiv>
              <Unicode>,</Unicode>
            </TextEquiv>
          </Glyph>
          <TextEquiv>
            <Unicode>,</Unicode>
          </TextEquiv>
        </Word>
        <Word id="w95">
          <Coords points="1290,865 1396,866 1396,907 1290,906"/>
          <Glyph id="c253">
            <Coords points="1290,865 1321,865 1321,905 1290,905"/>
            <TextEquiv>
              <Unicode>-</Unicode>
            </TextEquiv>
          </Glyph>
          <Glyph id="c254">
            <Coords points="1335,865 1366,865 1366,905 1335,905"/>
            <TextEquiv>
              <Unicode>H</Unicode>
            </TextEquiv>
          </Glyph>
          <Glyph id="c255">
            <Coords points="1369,865 1379,865 1379,905 1369,905"/>
            <TextEquiv>
              <Unicode>i</Unicode>
            </TextEquiv>
          </Glyph>
          <Glyph id="c256">
            <Coords points="1382,866 1396,866 1396,906 1382,906"/>
            <TextEquiv>
              <Unicode>s</Unicode>
            </TextEquiv>
          </Glyph>
          <TextEquiv>
            <Unicode>-His</Unicode>
          </TextEquiv>
        </Word>
        <Word id="w96">
          <Coords points="1409,866 1469,866 1469,906 1409,906"/>
          <Glyph id="c257">
            <Coords points="1409,866 1421,866 1421,906 1409,906"/>
            <TextEquiv>
              <Unicode>f</Unicode>
            </TextEquiv>
          </Glyph>
          <Glyph id="c258">
            <Coords points="1422,866 1436,866 1436,906 1422,906"/>
            <TextEquiv>
              <Unicode>e</Unicode>
            </TextEquiv>
          </Glyph>
          <Glyph id="c259">
            <Coords points="1439,866 1453,866 1453,906 1439,906"/>
            <TextEquiv>
              <Unicode>e</Unicode>
            </TextEquiv>
          </Glyph>
          <Glyph id="c260">
            <Coords points="1457,866 1469,866 1469,906 1457,906"/>
            <TextEquiv>
              <Unicode>t</Unicode>
            </TextEquiv>
          </Glyph>
          <TextEquiv>
            <Unicode>feet</Unicode>
          </TextEquiv>
        </Word>
        <Word id="w97">
          <Coords points="1501,866 1543,866 1543,906 1501,906"/>
          <Glyph id="c261">
            <Coords points="1501,866 1521,866 1521,906 1501,906"/>
            <TextEquiv>
              <Unicode>d</Unicode>
            </TextEquiv>
          </Glyph>
          <Glyph id="c262">
            <Coords points="1526,866 1543,866 1543,906 1526,906"/>
            <TextEquiv>
              <Unicode>e</Unicode>
            </TextEquiv>
          </Glyph>
          <TextEquiv>
            <Unicode>de</Unicode>
          </TextEquiv>
        </Word>
        <Word id="w98">
          <Coords points="1555,866 1569,866 1569,906 1555,906"/>
          <Glyph id="c263">
            <Coords points="1555,866 1569,866 1569,906 1555,906"/>
            <TextEquiv>
              <Unicode>-</Unicode>
            </TextEquiv>
          </Glyph>
          <TextEquiv>
            <Unicode>-</Unicode>
          </TextEquiv>
        </Word>
        <Word id="w99">
          <Coords points="1580,866 1665,866 1665,907 1580,907"/>
          <Glyph id="c264">
            <Coords points="1580,866 1602,866 1602,906 1580,906"/>
            <TextEquiv>
              <Unicode>p</Unicode>
            </TextEquiv>
          </Glyph>
          <Glyph id="c265">
            <Coords points="1607,867 1627,867 1627,907 1607,907"/>
            <TextEquiv>
              <Unicode>a</Unicode>
            </TextEquiv>
          </Glyph>
          <Glyph id="c266">
            <Coords points="1631,867 1647,867 1647,907 1631,907"/>
            <TextEquiv>
              <Unicode>r</Unicode>
            </TextEquiv>
          </Glyph>
          <Glyph id="c267">
            <Coords points="1651,867 1665,867 1665,907 1651,907"/>
            <TextEquiv>
              <Unicode>t</Unicode>
            </TextEquiv>
          </Glyph>
          <TextEquiv>
            <Unicode>part</Unicode>
          </TextEquiv>
        </Word>
        <Word id="w100">
          <Coords points="1669,867 1680,867 1680,907 1669,907"/>
          <Glyph id="c268">
            <Coords points="1669,867 1680,867 1680,907 1669,907"/>
            <TextEquiv>
              <Unicode>-</Unicode>
            </TextEquiv>
          </Glyph>
          <TextEquiv>
            <Unicode>-</Unicode>
          </TextEquiv>
        </Word>
        <Word id="w101">
          <Coords points="1685,867 1728,867 1728,907 1685,907"/>
          <Glyph id="c269">
            <Coords points="1685,867 1702,867 1702,907 1685,907"/>
            <TextEquiv>
              <Unicode>e</Unicode>
            </TextEquiv>
          </Glyph>
          <Glyph id="c270">
            <Coords points="1706,867 1728,867 1728,907 1706,907"/>
            <TextEquiv>
              <Unicode>d</Unicode>
            </TextEquiv>
          </Glyph>
          <TextEquiv>
            <Unicode>ed</Unicode>
          </TextEquiv>
        </Word>
        <Word id="w102">
          <Coords points="1734,867 1740,867 1740,907 1734,907"/>
          <Glyph id="c271">
            <Coords points="1734,867 1740,867 1740,907 1734,907"/>
            <TextEquiv>
              <Unicode>,</Unicode>
            </TextEquiv>
          </Glyph>
          <TextEquiv>
            <Unicode>,</Unicode>
          </TextEquiv>
        </Word>
        <Word id="w103">
          <Coords points="1747,867 1844,867 1844,908 1747,908"/>
          <Glyph id="c272">
            <Coords points="1747,867 1768,867 1768,907 1747,907"/>
            <TextEquiv>
              <Unicode>n</Unicode>
            </TextEquiv>
          </Glyph>
          <Glyph id="c273">
            <Coords points="1774,867 1793,867 1793,907 1774,907"/>
            <TextEquiv>
              <Unicode>e</Unicode>
            </TextEquiv>
          </Glyph>
          <Glyph id="c274">
            <Coords points="1794,868 1803,868 1803,908 1794,908"/>
            <TextEquiv>
              <Unicode>'</Unicode>
            </TextEquiv>
          </Glyph>
          <Glyph id="c275">
            <Coords points="1806,868 1824,868 1824,908 1806,908"/>
            <TextEquiv>
              <Unicode>e</Unicode>
            </TextEquiv>
          </Glyph>
          <Glyph id="c276">
            <Coords points="1827,868 1844,868 1844,908 1827,908"/>
            <TextEquiv>
              <Unicode>r</Unicode>
            </TextEquiv>
          </Glyph>
          <TextEquiv>
            <Unicode>ne'er</Unicode>
          </TextEquiv>
        </Word>
        <Word id="w104">
          <Coords points="1861,868 1901,868 1901,908 1861,908"/>
          <Glyph id="c277">
            <Coords points="1861,868 1878,868 1878,908 1861,908"/>
            <TextEquiv>
              <Unicode>r</Unicode>
            </TextEquiv>
          </Glyph>
          <Glyph id="c278">
            <Coords points="1883,868 1901,868 1901,908 1883,908"/>
            <TextEquiv>
              <Unicode>e</Unicode>
            </TextEquiv>
          </Glyph>
          <TextEquiv>
            <Unicode>re</Unicode>
          </TextEquiv>
        </Word>
        <Word id="w105">
          <Coords points="1902,868 1914,868 1914,908 1902,908"/>
          <Glyph id="c279">
            <Coords points="1902,868 1914,868 1914,908 1902,908"/>
            <TextEquiv>
              <Unicode>-</Unicode>
            </TextEquiv>
          </Glyph>
          <TextEquiv>
            <Unicode>-</Unicode>
          </TextEquiv>
        </Word>
        <Word id="w106">
          <Coords points="1917,868 2004,868 2004,908 1917,908"/>
          <Glyph id="c280">
            <Coords points="1917,868 1932,868 1932,908 1917,908"/>
            <TextEquiv>
              <Unicode>t</Unicode>
            </TextEquiv>
          </Glyph>
          <Glyph id="c281">
            <Coords points="1937,868 1958,868 1958,908 1937,908"/>
            <TextEquiv>
              <Unicode>u</Unicode>
            </TextEquiv>
          </Glyph>
          <Glyph id="c282">
            <Coords points="1962,868 1979,868 1979,908 1962,908"/>
            <TextEquiv>
              <Unicode>r</Unicode>
            </TextEquiv>
          </Glyph>
          <Glyph id="c283">
            <Coords points="1983,868 2004,868 2004,908 1983,908"/>
            <TextEquiv>
              <Unicode>n</Unicode>
            </TextEquiv>
          </Glyph>
          <TextEquiv>
            <Unicode>turn</Unicode>
          </TextEquiv>
        </Word>
        <Word id="w107">
          <Coords points="2016,869 2025,869 2025,909 2016,909"/>
          <Glyph id="c284">
            <Coords points="2016,869 2025,869 2025,909 2016,909"/>
            <TextEquiv>
              <Unicode>;</Unicode>
            </TextEquiv>
          </Glyph>
          <TextEquiv>
            <Unicode>;</Unicode>
          </TextEquiv>
        </Word>
        <TextEquiv>
          <Unicode/>
        </TextEquiv>
      </TextLine>
      <TextEquiv>
        <Unicode/>
      </TextEquiv>
    </TextRegion>
    <TextRegion id="r15">
      <Coords points="530,1791 721,1793 721,1821 530,1819"/>
      <TextLine id="l18">
        <Coords points="530,1791 721,1791 721,1821 530,1821"/>
        <Word id="w108">
          <Coords points="530,1791 704,1793 704,1821 530,1819"/>
          <Glyph id="c285">
            <Coords points="530,1792 558,1792 558,1819 530,1819"/>
            <TextEquiv>
              <Unicode>R</Unicode>
            </TextEquiv>
          </Glyph>
          <Glyph id="c286">
            <Coords points="564,1792 586,1792 586,1819 564,1819"/>
            <TextEquiv>
              <Unicode>E</Unicode>
            </TextEquiv>
          </Glyph>
          <Glyph id="c287">
            <Coords points="589,1792 610,1792 610,1819 589,1819"/>
            <TextEquiv>
              <Unicode>F</Unicode>
            </TextEquiv>
          </Glyph>
          <Glyph id="c288">
            <Coords points="614,1792 637,1792 637,1819 614,1819"/>
            <TextEquiv>
              <Unicode>R</Unicode>
            </TextEquiv>
          </Glyph>
          <Glyph id="c289">
            <Coords points="638,1793 661,1793 661,1820 638,1820"/>
            <TextEquiv>
              <Unicode>A</Unicode>
            </TextEquiv>
          </Glyph>
          <Glyph id="c290">
            <Coords points="663,1793 676,1793 676,1820 663,1820"/>
            <TextEquiv>
              <Unicode>I</Unicode>
            </TextEquiv>
          </Glyph>
          <Glyph id="c291">
            <Coords points="678,1793 704,1793 704,1820 678,1820"/>
            <TextEquiv>
              <Unicode>N</Unicode>
            </TextEquiv>
          </Glyph>
          <TextEquiv>
            <Unicode>REFRAIN</Unicode>
          </TextEquiv>
        </Word>
        <Word id="w109">
          <Coords points="711,1793 721,1793 721,1820 711,1820"/>
          <Glyph id="c292">
            <Coords points="711,1793 721,1793 721,1820 711,1820"/>
            <TextEquiv>
              <Unicode>.</Unicode>
            </TextEquiv>
          </Glyph>
          <TextEquiv>
            <Unicode>.</Unicode>
          </TextEquiv>
        </Word>
        <TextEquiv>
          <Unicode/>
        </TextEquiv>
      </TextLine>
      <TextEquiv>
        <Unicode/>
      </TextEquiv>
    </TextRegion>
    <TextRegion id="r16">
      <Coords points="593,1834 730,1830 731,1858 594,1862"/>
      <TextLine id="l19">
        <Coords points="593,1831 731,1831 731,1862 593,1862"/>
        <Word id="w110">
          <Coords points="593,1835 636,1834 637,1861 594,1862"/>
          <Glyph id="c293">
            <Coords points="593,1835 615,1834 616,1861 594,1862"/>
            <TextEquiv>
              <Unicode>O</Unicode>
            </TextEquiv>
          </Glyph>
          <Glyph id="c294">
            <Coords points="617,1834 636,1833 637,1860 618,1861"/>
            <TextEquiv>
              <Unicode>h</Unicode>
            </TextEquiv>
          </Glyph>
          <TextEquiv>
            <Unicode>Oh</Unicode>
          </TextEquiv>
        </Word>
        <Word id="w111">
          <Coords points="643,1833 650,1833 651,1860 644,1860"/>
          <Glyph id="c295">
            <Coords points="643,1833 650,1833 651,1860 644,1860"/>
            <TextEquiv>
              <Unicode>,</Unicode>
            </TextEquiv>
          </Glyph>
          <TextEquiv>
            <Unicode>,</Unicode>
          </TextEquiv>
        </Word>
        <Word id="w112">
          <Coords points="683,1832 730,1831 731,1858 684,1859"/>
          <Glyph id="c296">
            <Coords points="683,1832 694,1832 695,1859 684,1859"/>
            <TextEquiv>
              <Unicode>l</Unicode>
            </TextEquiv>
          </Glyph>
          <Glyph id="c297">
            <Coords points="697,1832 712,1832 713,1859 698,1859"/>
            <TextEquiv>
              <Unicode>e</Unicode>
            </TextEquiv>
          </Glyph>
          <Glyph id="c298">
            <Coords points="716,1831 730,1831 731,1858 717,1858"/>
            <TextEquiv>
              <Unicode>t</Unicode>
            </TextEquiv>
          </Glyph>
          <TextEquiv>
            <Unicode>let</Unicode>
          </TextEquiv>
        </Word>
        <TextEquiv>
          <Unicode/>
        </TextEquiv>
      </TextLine>
      <TextEquiv>
        <Unicode/>
      </TextEquiv>
    </TextRegion>
    <TextRegion id="r17">
      <Coords points="531,1943 558,1944 556,1983 529,1982"/>
      <TextLine id="l20">
        <Coords points="529,1943 558,1943 558,1983 529,1983"/>
        <Word id="w113">
          <Coords points="531,1943 558,1944 556,1983 529,1982"/>
          <Glyph id="c299">
            <Coords points="531,1943 558,1944 556,1983 529,1982"/>
            <TextEquiv>
              <Unicode>b</Unicode>
            </TextEquiv>
          </Glyph>
          <TextEquiv>
            <Unicode>b</Unicode>
          </TextEquiv>
        </Word>
        <TextEquiv>
          <Unicode/>
        </TextEquiv>
      </TextLine>
      <TextEquiv>
        <Unicode/>
      </TextEquiv>
    </TextRegion>
    <TextRegion id="r18">
      <Coords points="550,2279 560,2297 542,2307 532,2289"/>
      <TextLine id="l21">
        <Coords points="532,2279 560,2279 560,2307 532,2307"/>
        <Word id="w114">
          <Coords points="550,2279 560,2297 542,2307 532,2289"/>
          <Glyph id="c300">
            <Coords points="550,2279 560,2297 542,2307 532,2289"/>
            <TextEquiv>
              <Unicode>O</Unicode>
            </TextEquiv>
          </Glyph>
          <TextEquiv>
            <Unicode>O</Unicode>
          </TextEquiv>
        </Word>
        <TextEquiv>
          <Unicode/>
        </TextEquiv>
      </TextLine>
      <TextEquiv>
        <Unicode/>
      </TextEquiv>
    </TextRegion>
    <TextRegion id="r19">
      <Coords points="507,2577 533,2577 533,2614 507,2614"/>
      <TextLine id="l22">
        <Coords points="507,2577 533,2577 533,2614 507,2614"/>
        <Word id="w115">
          <Coords points="507,2577 533,2577 533,2614 507,2614"/>
          <Glyph id="c301">
            <Coords points="507,2577 533,2577 533,2614 507,2614"/>
            <TextEquiv>
              <Unicode>b</Unicode>
            </TextEquiv>
          </Glyph>
          <TextEquiv>
            <Unicode>b</Unicode>
          </TextEquiv>
        </Word>
        <TextEquiv>
          <Unicode/>
        </TextEquiv>
      </TextLine>
      <TextEquiv>
        <Unicode/>
      </TextEquiv>
    </TextRegion>
    <TextRegion id="r20">
      <Coords points="594,1228 787,1227 787,1343 594,1344"/>
      <TextLine id="l23">
        <Coords points="594,1227 787,1227 787,1344 594,1344"/>
        <Word id="w116">
          <Coords points="594,1228 787,1227 787,1343 594,1344"/>
          <Glyph id="c302">
            <Coords points="594,1229 709,1229 709,1344 594,1344"/>
            <TextEquiv>
              <Unicode>N</Unicode>
            </TextEquiv>
          </Glyph>
          <Glyph id="c303">
            <Coords points="691,1228 787,1228 787,1343 691,1343"/>
            <TextEquiv>
              <Unicode>E</Unicode>
            </TextEquiv>
          </Glyph>
          <TextEquiv>
            <Unicode>NE</Unicode>
          </TextEquiv>
        </Word>
        <TextEquiv>
          <Unicode/>
        </TextEquiv>
      </TextLine>
      <TextEquiv>
        <Unicode/>
      </TextEquiv>
    </TextRegion>
    <TextRegion id="r21">
      <Coords points="546,1400 2042,1402 2042,1577 546,1575"/>
      <TextLine id="l24">
        <Coords points="547,1401 2006,1401 2006,1439 547,1439"/>
        <Word id="w117">
          <Coords points="547,1401 623,1401 623,1439 547,1439"/>
          <Glyph id="c304">
            <Coords points="547,1401 579,1401 579,1439 547,1439"/>
            <TextEquiv>
              <Unicode>H</Unicode>
            </TextEquiv>
          </Glyph>
          <Glyph id="c305">
            <Coords points="582,1401 604,1401 604,1439 582,1439"/>
            <TextEquiv>
              <Unicode>a</Unicode>
            </TextEquiv>
          </Glyph>
          <Glyph id="c306">
            <Coords points="607,1401 623,1401 623,1439 607,1439"/>
            <TextEquiv>
              <Unicode>s</Unicode>
            </TextEquiv>
          </Glyph>
          <TextEquiv>
            <Unicode>Has</Unicode>
          </TextEquiv>
        </Word>
        <Word id="w118">
          <Coords points="650,1401 739,1401 739,1439 650,1439"/>
          <Glyph id="c307">
            <Coords points="650,1401 682,1401 682,1439 650,1439"/>
            <TextEquiv>
              <Unicode>w</Unicode>
            </TextEquiv>
          </Glyph>
          <Glyph id="c308">
            <Coords points="686,1401 706,1401 706,1439 686,1439"/>
            <TextEquiv>
              <Unicode>a</Unicode>
            </TextEquiv>
          </Glyph>
          <Glyph id="c309">
            <Coords points="709,1401 720,1401 720,1439 709,1439"/>
            <TextEquiv>
              <Unicode>i</Unicode>
            </TextEquiv>
          </Glyph>
          <Glyph id="c310">
            <Coords points="723,1401 739,1401 739,1439 723,1439"/>
            <TextEquiv>
              <Unicode>t</Unicode>
            </TextEquiv>
          </Glyph>
          <TextEquiv>
            <Unicode>wait</Unicode>
          </TextEquiv>
        </Word>
        <Word id="w119">
          <Coords points="742,1401 754,1401 754,1439 742,1439"/>
          <Glyph id="c311">
            <Coords points="742,1401 754,1401 754,1439 742,1439"/>
            <TextEquiv>
              <Unicode>-</Unicode>
            </TextEquiv>
          </Glyph>
          <TextEquiv>
            <Unicode>-</Unicode>
          </TextEquiv>
        </Word>
        <Word id="w120">
          <Coords points="758,1401 802,1401 802,1439 758,1439"/>
          <Glyph id="c312">
            <Coords points="758,1401 777,1401 777,1439 758,1439"/>
            <TextEquiv>
              <Unicode>e</Unicode>
            </TextEquiv>
          </Glyph>
          <Glyph id="c313">
            <Coords points="778,1401 802,1401 802,1439 778,1439"/>
            <TextEquiv>
              <Unicode>d</Unicode>
            </TextEquiv>
          </Glyph>
          <TextEquiv>
            <Unicode>ed</Unicode>
          </TextEquiv>
        </Word>
        <Word id="w121">
          <Coords points="816,1401 904,1401 904,1439 816,1439"/>
          <Glyph id="c314">
            <Coords points="816,1401 827,1401 827,1439 816,1439"/>
            <TextEquiv>
              <Unicode>l</Unicode>
            </TextEquiv>
          </Glyph>
          <Glyph id="c315">
            <Coords points="831,1401 850,1401 850,1439 831,1439"/>
            <TextEquiv>
              <Unicode>o</Unicode>
            </TextEquiv>
          </Glyph>
          <Glyph id="c316">
            <Coords points="857,1401 876,1401 876,1439 857,1439"/>
            <TextEquiv>
              <Unicode>n</Unicode>
            </TextEquiv>
          </Glyph>
          <Glyph id="c317">
            <Coords points="883,1401 904,1401 904,1439 883,1439"/>
            <TextEquiv>
              <Unicode>g</Unicode>
            </TextEquiv>
          </Glyph>
          <TextEquiv>
            <Unicode>long</Unicode>
          </TextEquiv>
        </Word>
        <Word id="w122">
          <Coords points="912,1401 917,1401 917,1439 912,1439"/>
          <Glyph id="c318">
            <Coords points="912,1401 917,1401 917,1439 912,1439"/>
            <TextEquiv>
              <Unicode>,</Unicode>
            </TextEquiv>
          </Glyph>
          <TextEquiv>
            <Unicode>,</Unicode>
          </TextEquiv>
        </Word>
        <Word id="w123">
          <Coords points="939,1401 967,1401 967,1439 939,1439"/>
          <Glyph id="c319">
            <Coords points="939,1401 948,1401 948,1439 939,1439"/>
            <TextEquiv>
              <Unicode>i</Unicode>
            </TextEquiv>
          </Glyph>
          <Glyph id="c320">
            <Coords points="953,1401 967,1401 967,1439 953,1439"/>
            <TextEquiv>
              <Unicode>s</Unicode>
            </TextEquiv>
          </Glyph>
          <TextEquiv>
            <Unicode>is</Unicode>
          </TextEquiv>
        </Word>
        <Word id="w124">
          <Coords points="995,1401 1082,1401 1082,1439 995,1439"/>
          <Glyph id="c321">
            <Coords points="995,1401 1027,1401 1027,1439 995,1439"/>
            <TextEquiv>
              <Unicode>w</Unicode>
            </TextEquiv>
          </Glyph>
          <Glyph id="c322">
            <Coords points="1031,1401 1050,1401 1050,1439 1031,1439"/>
            <TextEquiv>
              <Unicode>a</Unicode>
            </TextEquiv>
          </Glyph>
          <Glyph id="c323">
            <Coords points="1055,1401 1065,1401 1065,1439 1055,1439"/>
            <TextEquiv>
              <Unicode>i</Unicode>
            </TextEquiv>
          </Glyph>
          <Glyph id="c324">
            <Coords points="1068,1401 1082,1401 1082,1439 1068,1439"/>
            <TextEquiv>
              <Unicode>t</Unicode>
            </TextEquiv>
          </Glyph>
          <TextEquiv>
            <Unicode>wait</Unicode>
          </TextEquiv>
        </Word>
        <Word id="w125">
          <Coords points="1086,1401 1097,1401 1097,1439 1086,1439"/>
          <Glyph id="c325">
            <Coords points="1086,1401 1097,1401 1097,1439 1086,1439"/>
            <TextEquiv>
              <Unicode>-</Unicode>
            </TextEquiv>
          </Glyph>
          <TextEquiv>
            <Unicode>-</Unicode>
          </TextEquiv>
        </Word>
        <Word id="w126">
          <Coords points="1101,1401 1165,1401 1165,1439 1101,1439"/>
          <Glyph id="c326">
            <Coords points="1101,1401 1111,1401 1111,1439 1101,1439"/>
            <TextEquiv>
              <Unicode>i</Unicode>
            </TextEquiv>
          </Glyph>
          <Glyph id="c327">
            <Coords points="1118,1401 1137,1401 1137,1439 1118,1439"/>
            <TextEquiv>
              <Unicode>n</Unicode>
            </TextEquiv>
          </Glyph>
          <Glyph id="c328">
            <Coords points="1145,1401 1165,1401 1165,1439 1145,1439"/>
            <TextEquiv>
              <Unicode>g</Unicode>
            </TextEquiv>
          </Glyph>
          <TextEquiv>
            <Unicode>ing</Unicode>
          </TextEquiv>
        </Word>
        <Word id="w127">
          <Coords points="1181,1401 1257,1401 1257,1439 1181,1439"/>
          <Glyph id="c329">
            <Coords points="1181,1401 1195,1401 1195,1439 1181,1439"/>
            <TextEquiv>
              <Unicode>s</Unicode>
            </TextEquiv>
          </Glyph>
          <Glyph id="c330">
            <Coords points="1201,1401 1212,1401 1212,1439 1201,1439"/>
            <TextEquiv>
              <Unicode>t</Unicode>
            </TextEquiv>
          </Glyph>
          <Glyph id="c331">
            <Coords points="1219,1401 1227,1401 1227,1439 1219,1439"/>
            <TextEquiv>
              <Unicode>i</Unicode>
            </TextEquiv>
          </Glyph>
          <Glyph id="c332">
            <Coords points="1233,1401 1242,1401 1242,1439 1233,1439"/>
            <TextEquiv>
              <Unicode>l</Unicode>
            </TextEquiv>
          </Glyph>
          <Glyph id="c333">
            <Coords points="1246,1401 1257,1401 1257,1439 1246,1439"/>
            <TextEquiv>
              <Unicode>l</Unicode>
            </TextEquiv>
          </Glyph>
          <TextEquiv>
            <Unicode>still</Unicode>
          </TextEquiv>
        </Word>
        <Word id="w128">
          <Coords points="1269,1401 1279,1401 1279,1439 1269,1439"/>
          <Glyph id="c334">
            <Coords points="1269,1401 1279,1401 1279,1439 1269,1439"/>
            <TextEquiv>
              <Unicode>;</Unicode>
            </TextEquiv>
          </Glyph>
          <TextEquiv>
            <Unicode>;</Unicode>
          </TextEquiv>
        </Word>
        <Word id="w129">
          <Coords points="1284,1401 1364,1401 1364,1439 1284,1439"/>
          <Glyph id="c335">
            <Coords points="1284,1401 1314,1401 1314,1439 1284,1439"/>
            <TextEquiv>
              <Unicode>Y</Unicode>
            </TextEquiv>
          </Glyph>
          <Glyph id="c336">
            <Coords points="1317,1401 1337,1401 1337,1439 1317,1439"/>
            <TextEquiv>
              <Unicode>o</Unicode>
            </TextEquiv>
          </Glyph>
          <Glyph id="c337">
            <Coords points="1343,1401 1364,1401 1364,1439 1343,1439"/>
            <TextEquiv>
              <Unicode>u</Unicode>
            </TextEquiv>
          </Glyph>
          <TextEquiv>
            <Unicode>You</Unicode>
          </TextEquiv>
        </Word>
        <Word id="w130">
          <Coords points="1398,1401 1494,1401 1494,1439 1398,1439"/>
          <Glyph id="c338">
            <Coords points="1398,1401 1412,1401 1412,1439 1398,1439"/>
            <TextEquiv>
              <Unicode>t</Unicode>
            </TextEquiv>
          </Glyph>
          <Glyph id="c339">
            <Coords points="1416,1401 1431,1401 1431,1439 1416,1439"/>
            <TextEquiv>
              <Unicode>r</Unicode>
            </TextEquiv>
          </Glyph>
          <Glyph id="c340">
            <Coords points="1436,1401 1454,1401 1454,1439 1436,1439"/>
            <TextEquiv>
              <Unicode>e</Unicode>
            </TextEquiv>
          </Glyph>
          <Glyph id="c341">
            <Coords points="1457,1401 1477,1401 1477,1439 1457,1439"/>
            <TextEquiv>
              <Unicode>a</Unicode>
            </TextEquiv>
          </Glyph>
          <Glyph id="c342">
            <Coords points="1480,1401 1494,1401 1494,1439 1480,1439"/>
            <TextEquiv>
              <Unicode>t</Unicode>
            </TextEquiv>
          </Glyph>
          <TextEquiv>
            <Unicode>treat</Unicode>
          </TextEquiv>
        </Word>
        <Word id="w131">
          <Coords points="1509,1401 1556,1401 1556,1439 1509,1439"/>
          <Glyph id="c343">
            <Coords points="1509,1401 1529,1401 1529,1439 1509,1439"/>
            <TextEquiv>
              <Unicode>n</Unicode>
            </TextEquiv>
          </Glyph>
          <Glyph id="c344">
            <Coords points="1536,1401 1556,1401 1556,1439 1536,1439"/>
            <TextEquiv>
              <Unicode>o</Unicode>
            </TextEquiv>
          </Glyph>
          <TextEquiv>
            <Unicode>no</Unicode>
          </TextEquiv>
        </Word>
        <Word id="w132">
          <Coords points="1582,1401 1726,1401 1726,1439 1582,1439"/>
          <Glyph id="c345">
            <Coords points="1582,1401 1602,1401 1602,1439 1582,1439"/>
            <TextEquiv>
              <Unicode>o</Unicode>
            </TextEquiv>
          </Glyph>
          <Glyph id="c346">
            <Coords points="1607,1401 1621,1401 1621,1439 1607,1439"/>
            <TextEquiv>
              <Unicode>t</Unicode>
            </TextEquiv>
          </Glyph>
          <Glyph id="c347">
            <Coords points="1626,1401 1647,1401 1647,1439 1626,1439"/>
            <TextEquiv>
              <Unicode>h</Unicode>
            </TextEquiv>
          </Glyph>
          <Glyph id="c348">
            <Coords points="1689,1401 1706,1401 1706,1439 1689,1439"/>
            <TextEquiv>
              <Unicode>e</Unicode>
            </TextEquiv>
          </Glyph>
          <Glyph id="c349">
            <Coords points="1710,1401 1726,1401 1726,1439 1710,1439"/>
            <TextEquiv>
              <Unicode>r</Unicode>
            </TextEquiv>
          </Glyph>
          <TextEquiv>
            <Unicode>other</Unicode>
          </TextEquiv>
        </Word>
        <Word id="w133">
          <Coords points="1746,1401 1870,1401 1870,1439 1746,1439"/>
          <Glyph id="c350">
            <Coords points="1746,1401 1761,1401 1761,1439 1746,1439"/>
            <TextEquiv>
              <Unicode>f</Unicode>
            </TextEquiv>
          </Glyph>
          <Glyph id="c351">
            <Coords points="1765,1401 1781,1401 1781,1439 1765,1439"/>
            <TextEquiv>
              <Unicode>r</Unicode>
            </TextEquiv>
          </Glyph>
          <Glyph id="c352">
            <Coords points="1785,1401 1796,1401 1796,1439 1785,1439"/>
            <TextEquiv>
              <Unicode>i</Unicode>
            </TextEquiv>
          </Glyph>
          <Glyph id="c353">
            <Coords points="1800,1401 1819,1401 1819,1439 1800,1439"/>
            <TextEquiv>
              <Unicode>e</Unicode>
            </TextEquiv>
          </Glyph>
          <Glyph id="c354">
            <Coords points="1823,1401 1844,1401 1844,1439 1823,1439"/>
            <TextEquiv>
              <Unicode>n</Unicode>
            </TextEquiv>
          </Glyph>
          <Glyph id="c355">
            <Coords points="1849,1401 1870,1401 1870,1439 1849,1439"/>
            <TextEquiv>
              <Unicode>d</Unicode>
            </TextEquiv>
          </Glyph>
          <TextEquiv>
            <Unicode>friend</Unicode>
          </TextEquiv>
        </Word>
        <Word id="w134">
          <Coords points="1884,1401 1925,1401 1925,1439 1884,1439"/>
          <Glyph id="c356">
            <Coords points="1884,1401 1899,1401 1899,1439 1884,1439"/>
            <TextEquiv>
              <Unicode>s</Unicode>
            </TextEquiv>
          </Glyph>
          <Glyph id="c357">
            <Coords points="1906,1401 1925,1401 1925,1439 1906,1439"/>
            <TextEquiv>
              <Unicode>o</Unicode>
            </TextEquiv>
          </Glyph>
          <TextEquiv>
            <Unicode>so</Unicode>
          </TextEquiv>
        </Word>
        <Word id="w135">
          <Coords points="1948,1401 1994,1401 1994,1439 1948,1439"/>
          <Glyph id="c358">
            <Coords points="1948,1401 1961,1401 1961,1439 1948,1439"/>
            <TextEquiv>
              <Unicode>i</Unicode>
            </TextEquiv>
          </Glyph>
          <Glyph id="c359">
            <Coords points="1965,1401 1980,1401 1980,1439 1965,1439"/>
            <TextEquiv>
              <Unicode>l</Unicode>
            </TextEquiv>
          </Glyph>
          <Glyph id="c360">
            <Coords points="1977,1401 1994,1401 1994,1439 1977,1439"/>
            <TextEquiv>
              <Unicode>l</Unicode>
            </TextEquiv>
          </Glyph>
          <TextEquiv>
            <Unicode>ill</Unicode>
          </TextEquiv>
        </Word>
        <Word id="w136">
          <Coords points="1995,1401 2006,1401 2006,1439 1995,1439"/>
          <Glyph id="c361">
            <Coords points="1995,1401 2006,1401 2006,1439 1995,1439"/>
            <TextEquiv>
              <Unicode>.</Unicode>
            </TextEquiv>
          </Glyph>
          <TextEquiv>
            <Unicode>.</Unicode>
          </TextEquiv>
        </Word>
        <TextEquiv>
          <Unicode/>
        </TextEquiv>
      </TextLine>
      <TextLine id="l25">
        <Coords points="547,1446 2040,1446 2040,1481 547,1481"/>
        <Word id="w137">
          <Coords points="547,1446 577,1446 577,1481 547,1481"/>
          <Glyph id="c362">
            <Coords points="547,1446 577,1446 577,1481 547,1481"/>
            <TextEquiv>
              <Unicode>O</Unicode>
            </TextEquiv>
          </Glyph>
          <TextEquiv>
            <Unicode>O</Unicode>
          </TextEquiv>
        </Word>
        <Word id="w138">
          <Coords points="624,1446 822,1446 822,1481 624,1481"/>
          <Glyph id="c363">
            <Coords points="624,1446 656,1446 656,1481 624,1481"/>
            <TextEquiv>
              <Unicode>m</Unicode>
            </TextEquiv>
          </Glyph>
          <Glyph id="c364">
            <Coords points="661,1446 682,1446 682,1481 661,1481"/>
            <TextEquiv>
              <Unicode>a</Unicode>
            </TextEquiv>
          </Glyph>
          <Glyph id="c365">
            <Coords points="683,1446 700,1446 700,1481 683,1481"/>
            <TextEquiv>
              <Unicode>t</Unicode>
            </TextEquiv>
          </Glyph>
          <Glyph id="c366">
            <Coords points="703,1446 721,1446 721,1481 703,1481"/>
            <TextEquiv>
              <Unicode>c</Unicode>
            </TextEquiv>
          </Glyph>
          <Glyph id="c367">
            <Coords points="724,1446 748,1446 748,1481 724,1481"/>
            <TextEquiv>
              <Unicode>h</Unicode>
            </TextEquiv>
          </Glyph>
          <Glyph id="c368">
            <Coords points="749,1446 761,1446 761,1481 749,1481"/>
            <TextEquiv>
              <Unicode>l</Unicode>
            </TextEquiv>
          </Glyph>
          <Glyph id="c369">
            <Coords points="763,1446 782,1446 782,1481 763,1481"/>
            <TextEquiv>
              <Unicode>e</Unicode>
            </TextEquiv>
          </Glyph>
          <Glyph id="c370">
            <Coords points="784,1446 801,1446 801,1481 784,1481"/>
            <TextEquiv>
              <Unicode>s</Unicode>
            </TextEquiv>
          </Glyph>
          <Glyph id="c371">
            <Coords points="806,1446 822,1446 822,1481 806,1481"/>
            <TextEquiv>
              <Unicode>s</Unicode>
            </TextEquiv>
          </Glyph>
          <TextEquiv>
            <Unicode>matchless</Unicode>
          </TextEquiv>
        </Word>
        <Word id="w139">
          <Coords points="834,1446 900,1446 900,1481 834,1481"/>
          <Glyph id="c372">
            <Coords points="834,1446 851,1446 851,1481 834,1481"/>
            <TextEquiv>
              <Unicode>k</Unicode>
            </TextEquiv>
          </Glyph>
          <Glyph id="c373">
            <Coords points="853,1446 860,1446 860,1481 853,1481"/>
            <TextEquiv>
              <Unicode>i</Unicode>
            </TextEquiv>
          </Glyph>
          <Glyph id="c374">
            <Coords points="864,1446 881,1446 881,1481 864,1481"/>
            <TextEquiv>
              <Unicode>n</Unicode>
            </TextEquiv>
          </Glyph>
          <Glyph id="c375">
            <Coords points="883,1446 900,1446 900,1481 883,1481"/>
            <TextEquiv>
              <Unicode>d</Unicode>
            </TextEquiv>
          </Glyph>
          <TextEquiv>
            <Unicode>kind</Unicode>
          </TextEquiv>
        </Word>
        <Word id="w140">
          <Coords points="904,1446 915,1446 915,1481 904,1481"/>
          <Glyph id="c376">
            <Coords points="904,1446 915,1446 915,1481 904,1481"/>
            <TextEquiv>
              <Unicode>-</Unicode>
            </TextEquiv>
          </Glyph>
          <TextEquiv>
            <Unicode>-</Unicode>
          </TextEquiv>
        </Word>
        <Word id="w141">
          <Coords points="917,1446 984,1446 984,1481 917,1481"/>
          <Glyph id="c377">
            <Coords points="917,1446 933,1446 933,1481 917,1481"/>
            <TextEquiv>
              <Unicode>n</Unicode>
            </TextEquiv>
          </Glyph>
          <Glyph id="c378">
            <Coords points="937,1446 952,1446 952,1481 937,1481"/>
            <TextEquiv>
              <Unicode>e</Unicode>
            </TextEquiv>
          </Glyph>
          <Glyph id="c379">
            <Coords points="954,1446 966,1446 966,1481 954,1481"/>
            <TextEquiv>
              <Unicode>s</Unicode>
            </TextEquiv>
          </Glyph>
          <Glyph id="c380">
            <Coords points="971,1446 984,1446 984,1481 971,1481"/>
            <TextEquiv>
              <Unicode>s</Unicode>
            </TextEquiv>
          </Glyph>
          <TextEquiv>
            <Unicode>ness</Unicode>
          </TextEquiv>
        </Word>
        <Word id="w142">
          <Coords points="990,1446 995,1446 995,1481 990,1481"/>
          <Glyph id="c381">
            <Coords points="990,1446 995,1446 995,1481 990,1481"/>
            <TextEquiv>
              <Unicode>,</Unicode>
            </TextEquiv>
          </Glyph>
          <TextEquiv>
            <Unicode>,</Unicode>
          </TextEquiv>
        </Word>
        <Word id="w143">
          <Coords points="1003,1446 1073,1446 1073,1481 1003,1481"/>
          <Glyph id="c382">
            <Coords points="1003,1446 1022,1446 1022,1481 1003,1481"/>
            <TextEquiv>
              <Unicode>a</Unicode>
            </TextEquiv>
          </Glyph>
          <Glyph id="c383">
            <Coords points="1026,1446 1047,1446 1047,1481 1026,1481"/>
            <TextEquiv>
              <Unicode>n</Unicode>
            </TextEquiv>
          </Glyph>
          <Glyph id="c384">
            <Coords points="1051,1446 1073,1446 1073,1481 1051,1481"/>
            <TextEquiv>
              <Unicode>d</Unicode>
            </TextEquiv>
          </Glyph>
          <TextEquiv>
            <Unicode>and</Unicode>
          </TextEquiv>
        </Word>
        <Word id="w144">
          <Coords points="1093,1446 1147,1446 1147,1481 1093,1481"/>
          <Glyph id="c385">
            <Coords points="1093,1446 1125,1446 1125,1481 1093,1481"/>
            <TextEquiv>
              <Unicode>H</Unicode>
            </TextEquiv>
          </Glyph>
          <Glyph id="c386">
            <Coords points="1130,1446 1147,1446 1147,1481 1130,1481"/>
            <TextEquiv>
              <Unicode>e</Unicode>
            </TextEquiv>
          </Glyph>
          <TextEquiv>
            <Unicode>He</Unicode>
          </TextEquiv>
        </Word>
        <Word id="w145">
          <Coords points="1159,1446 1283,1446 1283,1481 1159,1481"/>
          <Glyph id="c387">
            <Coords points="1159,1446 1173,1446 1173,1481 1159,1481"/>
            <TextEquiv>
              <Unicode>s</Unicode>
            </TextEquiv>
          </Glyph>
          <Glyph id="c388">
            <Coords points="1178,1446 1200,1446 1200,1481 1178,1481"/>
            <TextEquiv>
              <Unicode>h</Unicode>
            </TextEquiv>
          </Glyph>
          <Glyph id="c389">
            <Coords points="1205,1446 1225,1446 1225,1481 1205,1481"/>
            <TextEquiv>
              <Unicode>o</Unicode>
            </TextEquiv>
          </Glyph>
          <Glyph id="c390">
            <Coords points="1233,1446 1263,1446 1263,1481 1233,1481"/>
            <TextEquiv>
              <Unicode>w</Unicode>
            </TextEquiv>
          </Glyph>
          <Glyph id="c391">
            <Coords points="1269,1446 1283,1446 1283,1481 1269,1481"/>
            <TextEquiv>
              <Unicode>s</Unicode>
            </TextEquiv>
          </Glyph>
          <TextEquiv>
            <Unicode>shows</Unicode>
          </TextEquiv>
        </Word>
        <Word id="w146">
          <Coords points="1300,1446 1364,1446 1364,1481 1300,1481"/>
          <Glyph id="c392">
            <Coords points="1300,1446 1330,1446 1330,1481 1300,1481"/>
            <TextEquiv>
              <Unicode>H</Unicode>
            </TextEquiv>
          </Glyph>
          <Glyph id="c393">
            <Coords points="1333,1446 1345,1446 1345,1481 1333,1481"/>
            <TextEquiv>
              <Unicode>i</Unicode>
            </TextEquiv>
          </Glyph>
          <Glyph id="c394">
            <Coords points="1349,1446 1364,1446 1364,1481 1349,1481"/>
            <TextEquiv>
              <Unicode>s</Unicode>
            </TextEquiv>
          </Glyph>
          <TextEquiv>
            <Unicode>His</Unicode>
          </TextEquiv>
        </Word>
        <Word id="w147">
          <Coords points="1379,1446 1578,1446 1578,1481 1379,1481"/>
          <Glyph id="c395">
            <Coords points="1379,1446 1411,1446 1411,1481 1379,1481"/>
            <TextEquiv>
              <Unicode>m</Unicode>
            </TextEquiv>
          </Glyph>
          <Glyph id="c396">
            <Coords points="1416,1446 1436,1446 1436,1481 1416,1481"/>
            <TextEquiv>
              <Unicode>a</Unicode>
            </TextEquiv>
          </Glyph>
          <Glyph id="c397">
            <Coords points="1438,1446 1453,1446 1453,1481 1438,1481"/>
            <TextEquiv>
              <Unicode>t</Unicode>
            </TextEquiv>
          </Glyph>
          <Glyph id="c398">
            <Coords points="1458,1446 1475,1446 1475,1481 1458,1481"/>
            <TextEquiv>
              <Unicode>c</Unicode>
            </TextEquiv>
          </Glyph>
          <Glyph id="c399">
            <Coords points="1480,1446 1501,1446 1501,1481 1480,1481"/>
            <TextEquiv>
              <Unicode>h</Unicode>
            </TextEquiv>
          </Glyph>
          <Glyph id="c400">
            <Coords points="1505,1446 1516,1446 1516,1481 1505,1481"/>
            <TextEquiv>
              <Unicode>l</Unicode>
            </TextEquiv>
          </Glyph>
          <Glyph id="c401">
            <Coords points="1520,1446 1538,1446 1538,1481 1520,1481"/>
            <TextEquiv>
              <Unicode>e</Unicode>
            </TextEquiv>
          </Glyph>
          <Glyph id="c402">
            <Coords points="1543,1446 1558,1446 1558,1481 1543,1481"/>
            <TextEquiv>
              <Unicode>s</Unicode>
            </TextEquiv>
          </Glyph>
          <Glyph id="c403">
            <Coords points="1563,1446 1578,1446 1578,1481 1563,1481"/>
            <TextEquiv>
              <Unicode>s</Unicode>
            </TextEquiv>
          </Glyph>
          <TextEquiv>
            <Unicode>matchless</Unicode>
          </TextEquiv>
        </Word>
        <Word id="w148">
          <Coords points="1594,1446 1774,1446 1774,1481 1594,1481"/>
          <Glyph id="c404">
            <Coords points="1594,1446 1616,1446 1616,1481 1594,1481"/>
            <TextEquiv>
              <Unicode>k</Unicode>
            </TextEquiv>
          </Glyph>
          <Glyph id="c405">
            <Coords points="1622,1446 1633,1446 1633,1481 1622,1481"/>
            <TextEquiv>
              <Unicode>i</Unicode>
            </TextEquiv>
          </Glyph>
          <Glyph id="c406">
            <Coords points="1637,1446 1658,1446 1658,1481 1637,1481"/>
            <TextEquiv>
              <Unicode>n</Unicode>
            </TextEquiv>
          </Glyph>
          <Glyph id="c407">
            <Coords points="1664,1446 1684,1446 1684,1481 1664,1481"/>
            <TextEquiv>
              <Unicode>d</Unicode>
            </TextEquiv>
          </Glyph>
          <Glyph id="c408">
            <Coords points="1689,1446 1710,1446 1710,1481 1689,1481"/>
            <TextEquiv>
              <Unicode>n</Unicode>
            </TextEquiv>
          </Glyph>
          <Glyph id="c409">
            <Coords points="1716,1446 1734,1446 1734,1481 1716,1481"/>
            <TextEquiv>
              <Unicode>e</Unicode>
            </TextEquiv>
          </Glyph>
          <Glyph id="c410">
            <Coords points="1738,1446 1752,1446 1752,1481 1738,1481"/>
            <TextEquiv>
              <Unicode>s</Unicode>
            </TextEquiv>
          </Glyph>
          <Glyph id="c411">
            <Coords points="1759,1446 1774,1446 1774,1481 1759,1481"/>
            <TextEquiv>
              <Unicode>s</Unicode>
            </TextEquiv>
          </Glyph>
          <TextEquiv>
            <Unicode>kindness</Unicode>
          </TextEquiv>
        </Word>
        <Word id="w149">
          <Coords points="1789,1446 1826,1446 1826,1481 1789,1481"/>
          <Glyph id="c412">
            <Coords points="1789,1446 1802,1446 1802,1481 1789,1481"/>
            <TextEquiv>
              <Unicode>t</Unicode>
            </TextEquiv>
          </Glyph>
          <Glyph id="c413">
            <Coords points="1807,1446 1826,1446 1826,1481 1807,1481"/>
            <TextEquiv>
              <Unicode>o</Unicode>
            </TextEquiv>
          </Glyph>
          <TextEquiv>
            <Unicode>to</Unicode>
          </TextEquiv>
        </Word>
        <Word id="w150">
          <Coords points="1863,1446 1928,1446 1928,1481 1863,1481"/>
          <Glyph id="c414">
            <Coords points="1863,1446 1894,1446 1894,1481 1863,1481"/>
            <TextEquiv>
              <Unicode>H</Unicode>
            </TextEquiv>
          </Glyph>
          <Glyph id="c415">
            <Coords points="1896,1446 1908,1446 1908,1481 1896,1481"/>
            <TextEquiv>
              <Unicode>i</Unicode>
            </TextEquiv>
          </Glyph>
          <Glyph id="c416">
            <Coords points="1914,1446 1928,1446 1928,1481 1914,1481"/>
            <TextEquiv>
              <Unicode>s</Unicode>
            </TextEquiv>
          </Glyph>
          <TextEquiv>
            <Unicode>His</Unicode>
          </TextEquiv>
        </Word>
        <Word id="w151">
          <Coords points="1944,1446 2027,1446 2027,1481 1944,1481"/>
          <Glyph id="c417">
            <Coords points="1944,1446 1963,1446 1963,1481 1944,1481"/>
            <TextEquiv>
              <Unicode>f</Unicode>
            </TextEquiv>
          </Glyph>
          <Glyph id="c418">
            <Coords points="1963,1446 1984,1446 1984,1481 1963,1481"/>
            <TextEquiv>
              <Unicode>o</Unicode>
            </TextEquiv>
          </Glyph>
          <Glyph id="c419">
            <Coords points="1988,1446 2008,1446 2008,1481 1988,1481"/>
            <TextEquiv>
              <Unicode>e</Unicode>
            </TextEquiv>
          </Glyph>
          <Glyph id="c420">
            <Coords points="2011,1446 2027,1446 2027,1481 2011,1481"/>
            <TextEquiv>
              <Unicode>s</Unicode>
            </TextEquiv>
          </Glyph>
          <TextEquiv>
            <Unicode>foes</Unicode>
          </TextEquiv>
        </Word>
        <Word id="w152">
          <Coords points="2032,1446 2040,1446 2040,1481 2032,1481"/>
          <Glyph id="c421">
            <Coords points="2032,1446 2040,1446 2040,1481 2032,1481"/>
            <TextEquiv>
              <Unicode>.</Unicode>
            </TextEquiv>
          </Glyph>
          <TextEquiv>
            <Unicode>.</Unicode>
          </TextEquiv>
        </Word>
        <TextEquiv>
          <Unicode/>
        </TextEquiv>
      </TextLine>
      <TextLine id="l26">
        <Coords points="549,1490 2005,1490 2005,1530 549,1530"/>
        <Word id="w153">
          <Coords points="549,1490 645,1490 645,1530 549,1530"/>
          <Glyph id="c422">
            <Coords points="549,1490 577,1490 577,1530 549,1530"/>
            <TextEquiv>
              <Unicode>T</Unicode>
            </TextEquiv>
          </Glyph>
          <Glyph id="c423">
            <Coords points="579,1490 603,1490 603,1530 579,1530"/>
            <TextEquiv>
              <Unicode>h</Unicode>
            </TextEquiv>
          </Glyph>
          <Glyph id="c424">
            <Coords points="605,1490 627,1490 627,1530 605,1530"/>
            <TextEquiv>
              <Unicode>a</Unicode>
            </TextEquiv>
          </Glyph>
          <Glyph id="c425">
            <Coords points="628,1490 645,1490 645,1530 628,1530"/>
            <TextEquiv>
              <Unicode>t</Unicode>
            </TextEquiv>
          </Glyph>
          <TextEquiv>
            <Unicode>That</Unicode>
          </TextEquiv>
        </Word>
        <Word id="w154">
          <Coords points="662,1490 745,1490 745,1530 662,1530"/>
          <Glyph id="c426">
            <Coords points="662,1490 677,1490 677,1530 662,1530"/>
            <TextEquiv>
              <Unicode>s</Unicode>
            </TextEquiv>
          </Glyph>
          <Glyph id="c427">
            <Coords points="682,1490 703,1490 703,1530 682,1530"/>
            <TextEquiv>
              <Unicode>o</Unicode>
            </TextEquiv>
          </Glyph>
          <Glyph id="c428">
            <Coords points="705,1490 727,1490 727,1530 705,1530"/>
            <TextEquiv>
              <Unicode>u</Unicode>
            </TextEquiv>
          </Glyph>
          <Glyph id="c429">
            <Coords points="730,1490 745,1490 745,1530 730,1530"/>
            <TextEquiv>
              <Unicode>l</Unicode>
            </TextEquiv>
          </Glyph>
          <TextEquiv>
            <Unicode>soul</Unicode>
          </TextEquiv>
        </Word>
        <Word id="w155">
          <Coords points="768,1490 987,1490 987,1530 768,1530"/>
          <Glyph id="c430">
            <Coords points="768,1490 790,1490 790,1530 768,1530"/>
            <TextEquiv>
              <Unicode>d</Unicode>
            </TextEquiv>
          </Glyph>
          <Glyph id="c431">
            <Coords points="794,1490 814,1490 814,1530 794,1530"/>
            <TextEquiv>
              <Unicode>e</Unicode>
            </TextEquiv>
          </Glyph>
          <Glyph id="c432">
            <Coords points="816,1490 833,1490 833,1530 816,1530"/>
            <TextEquiv>
              <Unicode>s</Unicode>
            </TextEquiv>
          </Glyph>
          <Glyph id="c433">
            <Coords points="834,1490 851,1490 851,1530 834,1530"/>
            <TextEquiv>
              <Unicode>t</Unicode>
            </TextEquiv>
          </Glyph>
          <Glyph id="c434">
            <Coords points="855,1490 871,1490 871,1530 855,1530"/>
            <TextEquiv>
              <Unicode>r</Unicode>
            </TextEquiv>
          </Glyph>
          <Glyph id="c435">
            <Coords points="875,1490 895,1490 895,1530 875,1530"/>
            <TextEquiv>
              <Unicode>o</Unicode>
            </TextEquiv>
          </Glyph>
          <Glyph id="c436">
            <Coords points="898,1490 919,1490 919,1530 898,1530"/>
            <TextEquiv>
              <Unicode>y</Unicode>
            </TextEquiv>
          </Glyph>
          <Glyph id="c437">
            <Coords points="923,1490 935,1490 935,1530 923,1530"/>
            <TextEquiv>
              <Unicode>i</Unicode>
            </TextEquiv>
          </Glyph>
          <Glyph id="c438">
            <Coords points="939,1490 962,1490 962,1530 939,1530"/>
            <TextEquiv>
              <Unicode>n</Unicode>
            </TextEquiv>
          </Glyph>
          <Glyph id="c439">
            <Coords points="965,1490 987,1490 987,1530 965,1530"/>
            <TextEquiv>
              <Unicode>g</Unicode>
            </TextEquiv>
          </Glyph>
          <TextEquiv>
            <Unicode>destroying</Unicode>
          </TextEquiv>
        </Word>
        <Word id="w156">
          <Coords points="1003,1490 1171,1490 1171,1530 1003,1530"/>
          <Glyph id="c440">
            <Coords points="1003,1490 1036,1490 1036,1530 1003,1530"/>
            <TextEquiv>
              <Unicode>m</Unicode>
            </TextEquiv>
          </Glyph>
          <Glyph id="c441">
            <Coords points="1041,1490 1062,1490 1062,1530 1041,1530"/>
            <TextEquiv>
              <Unicode>o</Unicode>
            </TextEquiv>
          </Glyph>
          <Glyph id="c442">
            <Coords points="1067,1490 1089,1490 1089,1530 1067,1530"/>
            <TextEquiv>
              <Unicode>n</Unicode>
            </TextEquiv>
          </Glyph>
          <Glyph id="c443">
            <Coords points="1093,1490 1108,1490 1108,1530 1093,1530"/>
            <TextEquiv>
              <Unicode>s</Unicode>
            </TextEquiv>
          </Glyph>
          <Glyph id="c444">
            <Coords points="1113,1490 1128,1490 1128,1530 1113,1530"/>
            <TextEquiv>
              <Unicode>t</Unicode>
            </TextEquiv>
          </Glyph>
          <Glyph id="c445">
            <Coords points="1132,1490 1151,1490 1151,1530 1132,1530"/>
            <TextEquiv>
              <Unicode>e</Unicode>
            </TextEquiv>
          </Glyph>
          <Glyph id="c446">
            <Coords points="1155,1490 1171,1490 1171,1530 1155,1530"/>
            <TextEquiv>
              <Unicode>r</Unicode>
            </TextEquiv>
          </Glyph>
          <TextEquiv>
            <Unicode>monster</Unicode>
          </TextEquiv>
        </Word>
        <Word id="w157">
          <Coords points="1183,1490 1238,1490 1238,1530 1183,1530"/>
          <Glyph id="c447">
            <Coords points="1183,1490 1199,1490 1199,1530 1183,1530"/>
            <TextEquiv>
              <Unicode>s</Unicode>
            </TextEquiv>
          </Glyph>
          <Glyph id="c448">
            <Coords points="1202,1490 1213,1490 1213,1530 1202,1530"/>
            <TextEquiv>
              <Unicode>i</Unicode>
            </TextEquiv>
          </Glyph>
          <Glyph id="c449">
            <Coords points="1219,1490 1238,1490 1238,1530 1219,1530"/>
            <TextEquiv>
              <Unicode>n</Unicode>
            </TextEquiv>
          </Glyph>
          <TextEquiv>
            <Unicode>sin</Unicode>
          </TextEquiv>
        </Word>
        <Word id="w158">
          <Coords points="1247,1490 1253,1490 1253,1530 1247,1530"/>
          <Glyph id="c450">
            <Coords points="1247,1490 1253,1490 1253,1530 1247,1530"/>
            <TextEquiv>
              <Unicode>,</Unicode>
            </TextEquiv>
          </Glyph>
          <TextEquiv>
            <Unicode>,</Unicode>
          </TextEquiv>
        </Word>
        <Word id="w159">
          <Coords points="1283,1490 1363,1490 1363,1530 1283,1530"/>
          <Glyph id="c451">
            <Coords points="1283,1490 1312,1490 1312,1530 1283,1530"/>
            <TextEquiv>
              <Unicode>A</Unicode>
            </TextEquiv>
          </Glyph>
          <Glyph id="c452">
            <Coords points="1316,1490 1337,1490 1337,1530 1316,1530"/>
            <TextEquiv>
              <Unicode>n</Unicode>
            </TextEquiv>
          </Glyph>
          <Glyph id="c453">
            <Coords points="1342,1490 1363,1490 1363,1530 1342,1530"/>
            <TextEquiv>
              <Unicode>d</Unicode>
            </TextEquiv>
          </Glyph>
          <TextEquiv>
            <Unicode>And</Unicode>
          </TextEquiv>
        </Word>
        <Word id="w160">
          <Coords points="1396,1490 1448,1490 1448,1530 1396,1530"/>
          <Glyph id="c454">
            <Coords points="1396,1490 1409,1490 1409,1530 1396,1530"/>
            <TextEquiv>
              <Unicode>l</Unicode>
            </TextEquiv>
          </Glyph>
          <Glyph id="c455">
            <Coords points="1411,1490 1429,1490 1429,1530 1411,1530"/>
            <TextEquiv>
              <Unicode>e</Unicode>
            </TextEquiv>
          </Glyph>
          <Glyph id="c456">
            <Coords points="1434,1490 1448,1490 1448,1530 1434,1530"/>
            <TextEquiv>
              <Unicode>t</Unicode>
            </TextEquiv>
          </Glyph>
          <TextEquiv>
            <Unicode>let</Unicode>
          </TextEquiv>
        </Word>
        <Word id="w161">
          <Coords points="1494,1490 1556,1490 1556,1530 1494,1530"/>
          <Glyph id="c457">
            <Coords points="1494,1490 1508,1490 1508,1530 1494,1530"/>
            <TextEquiv>
              <Unicode>t</Unicode>
            </TextEquiv>
          </Glyph>
          <Glyph id="c458">
            <Coords points="1511,1490 1532,1490 1532,1530 1511,1530"/>
            <TextEquiv>
              <Unicode>h</Unicode>
            </TextEquiv>
          </Glyph>
          <Glyph id="c459">
            <Coords points="1538,1490 1556,1490 1556,1530 1538,1530"/>
            <TextEquiv>
              <Unicode>e</Unicode>
            </TextEquiv>
          </Glyph>
          <TextEquiv>
            <Unicode>the</Unicode>
          </TextEquiv>
        </Word>
        <Word id="w162">
          <Coords points="1570,1490 1674,1490 1674,1530 1570,1530"/>
          <Glyph id="c460">
            <Coords points="1570,1490 1586,1490 1586,1530 1570,1530"/>
            <TextEquiv>
              <Unicode>h</Unicode>
            </TextEquiv>
          </Glyph>
          <Glyph id="c461">
            <Coords points="1592,1490 1606,1490 1606,1530 1592,1530"/>
            <TextEquiv>
              <Unicode>e</Unicode>
            </TextEquiv>
          </Glyph>
          <Glyph id="c462">
            <Coords points="1608,1490 1625,1490 1625,1530 1608,1530"/>
            <TextEquiv>
              <Unicode>a</Unicode>
            </TextEquiv>
          </Glyph>
          <Glyph id="c463">
            <Coords points="1627,1490 1644,1490 1644,1530 1627,1530"/>
            <TextEquiv>
              <Unicode>v</Unicode>
            </TextEquiv>
          </Glyph>
          <Glyph id="c464">
            <Coords points="1646,1490 1655,1490 1655,1530 1646,1530"/>
            <TextEquiv>
              <Unicode>'</Unicode>
            </TextEquiv>
          </Glyph>
          <Glyph id="c465">
            <Coords points="1656,1490 1674,1490 1674,1530 1656,1530"/>
            <TextEquiv>
              <Unicode>n</Unicode>
            </TextEquiv>
          </Glyph>
          <TextEquiv>
            <Unicode>heav'n</Unicode>
          </TextEquiv>
        </Word>
        <Word id="w163">
          <Coords points="1675,1490 1686,1490 1686,1530 1675,1530"/>
          <Glyph id="c466">
            <Coords points="1675,1490 1686,1490 1686,1530 1675,1530"/>
            <TextEquiv>
              <Unicode>-</Unicode>
            </TextEquiv>
          </Glyph>
          <TextEquiv>
            <Unicode>-</Unicode>
          </TextEquiv>
        </Word>
        <Word id="w164">
          <Coords points="1690,1490 1721,1490 1721,1530 1690,1530"/>
          <Glyph id="c467">
            <Coords points="1690,1490 1700,1490 1700,1530 1690,1530"/>
            <TextEquiv>
              <Unicode>l</Unicode>
            </TextEquiv>
          </Glyph>
          <Glyph id="c468">
            <Coords points="1702,1490 1721,1490 1721,1530 1702,1530"/>
            <TextEquiv>
              <Unicode>y</Unicode>
            </TextEquiv>
          </Glyph>
          <TextEquiv>
            <Unicode>ly</Unicode>
          </TextEquiv>
        </Word>
        <Word id="w165">
          <Coords points="1739,1490 1920,1490 1920,1530 1739,1530"/>
          <Glyph id="c469">
            <Coords points="1739,1490 1760,1490 1760,1530 1739,1530"/>
            <TextEquiv>
              <Unicode>S</Unicode>
            </TextEquiv>
          </Glyph>
          <Glyph id="c470">
            <Coords points="1764,1490 1780,1490 1780,1530 1764,1530"/>
            <TextEquiv>
              <Unicode>t</Unicode>
            </TextEquiv>
          </Glyph>
          <Glyph id="c471">
            <Coords points="1784,1490 1802,1490 1802,1530 1784,1530"/>
            <TextEquiv>
              <Unicode>r</Unicode>
            </TextEquiv>
          </Glyph>
          <Glyph id="c472">
            <Coords points="1803,1490 1825,1490 1825,1530 1803,1530"/>
            <TextEquiv>
              <Unicode>a</Unicode>
            </TextEquiv>
          </Glyph>
          <Glyph id="c473">
            <Coords points="1826,1490 1850,1490 1850,1530 1826,1530"/>
            <TextEquiv>
              <Unicode>n</Unicode>
            </TextEquiv>
          </Glyph>
          <Glyph id="c474">
            <Coords points="1853,1490 1876,1490 1876,1530 1853,1530"/>
            <TextEquiv>
              <Unicode>g</Unicode>
            </TextEquiv>
          </Glyph>
          <Glyph id="c475">
            <Coords points="1880,1490 1899,1490 1899,1530 1880,1530"/>
            <TextEquiv>
              <Unicode>e</Unicode>
            </TextEquiv>
          </Glyph>
          <Glyph id="c476">
            <Coords points="1902,1490 1920,1490 1920,1530 1902,1530"/>
            <TextEquiv>
              <Unicode>r</Unicode>
            </TextEquiv>
          </Glyph>
          <TextEquiv>
            <Unicode>Stranger</Unicode>
          </TextEquiv>
        </Word>
        <Word id="w166">
          <Coords points="1950,1490 1989,1490 1989,1530 1950,1530"/>
          <Glyph id="c477">
            <Coords points="1950,1490 1964,1490 1964,1530 1950,1530"/>
            <TextEquiv>
              <Unicode>i</Unicode>
            </TextEquiv>
          </Glyph>
          <Glyph id="c478">
            <Coords points="1967,1490 1989,1490 1989,1530 1967,1530"/>
            <TextEquiv>
              <Unicode>n</Unicode>
            </TextEquiv>
          </Glyph>
          <TextEquiv>
            <Unicode>in</Unicode>
          </TextEquiv>
        </Word>
        <Word id="w167">
          <Coords points="1994,1490 2005,1490 2005,1530 1994,1530"/>
          <Glyph id="c479">
            <Coords points="1994,1490 2005,1490 2005,1530 1994,1530"/>
            <TextEquiv>
              <Unicode>.</Unicode>
            </TextEquiv>
          </Glyph>
          <TextEquiv>
            <Unicode>.</Unicode>
          </TextEquiv>
        </Word>
        <TextEquiv>
          <Unicode/>
        </TextEquiv>
      </TextLine>
      <TextLine id="l27">
        <Coords points="546,1532 2042,1532 2042,1576 546,1576"/>
        <Word id="w168">
          <Coords points="546,1532 636,1532 636,1570 546,1570"/>
          <Glyph id="c480">
            <Coords points="546,1532 576,1532 576,1570 546,1570"/>
            <TextEquiv>
              <Unicode>A</Unicode>
            </TextEquiv>
          </Glyph>
          <Glyph id="c481">
            <Coords points="579,1532 603,1532 603,1570 579,1570"/>
            <TextEquiv>
              <Unicode>d</Unicode>
            </TextEquiv>
          </Glyph>
          <Glyph id="c482">
            <Coords points="619,1532 636,1532 636,1570 619,1570"/>
            <TextEquiv>
              <Unicode>-</Unicode>
            </TextEquiv>
          </Glyph>
          <TextEquiv>
            <Unicode>Ad-</Unicode>
          </TextEquiv>
        </Word>
        <Word id="w169">
          <Coords points="666,1532 733,1532 733,1570 666,1570"/>
          <Glyph id="c483">
            <Coords points="666,1532 697,1532 697,1570 666,1570"/>
            <TextEquiv>
              <Unicode>m</Unicode>
            </TextEquiv>
          </Glyph>
          <Glyph id="c484">
            <Coords points="703,1532 715,1532 715,1570 703,1570"/>
            <TextEquiv>
              <Unicode>i</Unicode>
            </TextEquiv>
          </Glyph>
          <Glyph id="c485">
            <Coords points="719,1532 733,1532 733,1570 719,1570"/>
            <TextEquiv>
              <Unicode>t</Unicode>
            </TextEquiv>
          </Glyph>
          <TextEquiv>
            <Unicode>mit</Unicode>
          </TextEquiv>
        </Word>
        <Word id="w170">
          <Coords points="747,1532 831,1532 831,1571 747,1571"/>
          <Glyph id="c486">
            <Coords points="747,1532 778,1532 778,1570 747,1570"/>
            <TextEquiv>
              <Unicode>H</Unicode>
            </TextEquiv>
          </Glyph>
          <Glyph id="c487">
            <Coords points="783,1532 796,1532 796,1570 783,1570"/>
            <TextEquiv>
              <Unicode>i</Unicode>
            </TextEquiv>
          </Glyph>
          <Glyph id="c488">
            <Coords points="799,1533 831,1533 831,1571 799,1571"/>
            <TextEquiv>
              <Unicode>m</Unicode>
            </TextEquiv>
          </Glyph>
          <TextEquiv>
            <Unicode>Him</Unicode>
          </TextEquiv>
        </Word>
        <Word id="w171">
          <Coords points="848,1533 888,1533 888,1571 848,1571"/>
          <Glyph id="c489">
            <Coords points="848,1533 866,1533 866,1571 848,1571"/>
            <TextEquiv>
              <Unicode>o</Unicode>
            </TextEquiv>
          </Glyph>
          <Glyph id="c490">
            <Coords points="873,1533 888,1533 888,1571 873,1571"/>
            <TextEquiv>
              <Unicode>r</Unicode>
            </TextEquiv>
          </Glyph>
          <TextEquiv>
            <Unicode>or</Unicode>
          </TextEquiv>
        </Word>
        <Word id="w172">
          <Coords points="928,1533 991,1533 991,1571 928,1571"/>
          <Glyph id="c491">
            <Coords points="928,1533 941,1533 941,1571 928,1571"/>
            <TextEquiv>
              <Unicode>t</Unicode>
            </TextEquiv>
          </Glyph>
          <Glyph id="c492">
            <Coords points="948,1533 968,1533 968,1571 948,1571"/>
            <TextEquiv>
              <Unicode>h</Unicode>
            </TextEquiv>
          </Glyph>
          <Glyph id="c493">
            <Coords points="975,1533 991,1533 991,1571 975,1571"/>
            <TextEquiv>
              <Unicode>e</Unicode>
            </TextEquiv>
          </Glyph>
          <TextEquiv>
            <Unicode>the</Unicode>
          </TextEquiv>
        </Word>
        <Word id="w173">
          <Coords points="1000,1533 1097,1533 1097,1572 1000,1572"/>
          <Glyph id="c494">
            <Coords points="1000,1533 1017,1533 1017,1571 1000,1571"/>
            <TextEquiv>
              <Unicode>h</Unicode>
            </TextEquiv>
          </Glyph>
          <Glyph id="c495">
            <Coords points="1021,1533 1035,1533 1035,1571 1021,1571"/>
            <TextEquiv>
              <Unicode>o</Unicode>
            </TextEquiv>
          </Glyph>
          <Glyph id="c496">
            <Coords points="1040,1534 1056,1534 1056,1572 1040,1572"/>
            <TextEquiv>
              <Unicode>u</Unicode>
            </TextEquiv>
          </Glyph>
          <Glyph id="c497">
            <Coords points="1061,1534 1075,1534 1075,1572 1061,1572"/>
            <TextEquiv>
              <Unicode>r</Unicode>
            </TextEquiv>
          </Glyph>
          <Glyph id="c498">
            <Coords points="1074,1534 1083,1534 1083,1572 1074,1572"/>
            <TextEquiv>
              <Unicode>'</Unicode>
            </TextEquiv>
          </Glyph>
          <Glyph id="c499">
            <Coords points="1085,1534 1097,1534 1097,1572 1085,1572"/>
            <TextEquiv>
              <Unicode>s</Unicode>
            </TextEquiv>
          </Glyph>
          <TextEquiv>
            <Unicode>hour's</Unicode>
          </TextEquiv>
        </Word>
        <Word id="w174">
          <Coords points="1112,1534 1141,1534 1141,1572 1112,1572"/>
          <Glyph id="c500">
            <Coords points="1112,1534 1128,1534 1128,1572 1112,1572"/>
            <TextEquiv>
              <Unicode>a</Unicode>
            </TextEquiv>
          </Glyph>
          <Glyph id="c501">
            <Coords points="1130,1534 1141,1534 1141,1572 1130,1572"/>
            <TextEquiv>
              <Unicode>t</Unicode>
            </TextEquiv>
          </Glyph>
          <TextEquiv>
            <Unicode>at</Unicode>
          </TextEquiv>
        </Word>
        <Word id="w175">
          <Coords points="1160,1534 1257,1534 1257,1572 1160,1572"/>
          <Glyph id="c502">
            <Coords points="1160,1534 1181,1534 1181,1572 1160,1572"/>
            <TextEquiv>
              <Unicode>h</Unicode>
            </TextEquiv>
          </Glyph>
          <Glyph id="c503">
            <Coords points="1186,1534 1206,1534 1206,1572 1186,1572"/>
            <TextEquiv>
              <Unicode>a</Unicode>
            </TextEquiv>
          </Glyph>
          <Glyph id="c504">
            <Coords points="1209,1534 1231,1534 1231,1572 1209,1572"/>
            <TextEquiv>
              <Unicode>n</Unicode>
            </TextEquiv>
          </Glyph>
          <Glyph id="c505">
            <Coords points="1236,1534 1257,1534 1257,1572 1236,1572"/>
            <TextEquiv>
              <Unicode>d</Unicode>
            </TextEquiv>
          </Glyph>
          <TextEquiv>
            <Unicode>hand</Unicode>
          </TextEquiv>
        </Word>
        <Word id="w176">
          <Coords points="1264,1534 1270,1534 1270,1572 1264,1572"/>
          <Glyph id="c506">
            <Coords points="1264,1534 1270,1534 1270,1572 1264,1572"/>
            <TextEquiv>
              <Unicode>,</Unicode>
            </TextEquiv>
          </Glyph>
          <TextEquiv>
            <Unicode>,</Unicode>
          </TextEquiv>
        </Word>
        <Word id="w177">
          <Coords points="1277,1534 1396,1534 1396,1573 1277,1573"/>
          <Glyph id="c507">
            <Coords points="1277,1534 1306,1534 1306,1572 1277,1572"/>
            <TextEquiv>
              <Unicode>Y</Unicode>
            </TextEquiv>
          </Glyph>
          <Glyph id="c508">
            <Coords points="1310,1535 1330,1535 1330,1573 1310,1573"/>
            <TextEquiv>
              <Unicode>o</Unicode>
            </TextEquiv>
          </Glyph>
          <Glyph id="c509">
            <Coords points="1335,1535 1357,1535 1357,1573 1335,1573"/>
            <TextEquiv>
              <Unicode>u</Unicode>
            </TextEquiv>
          </Glyph>
          <Glyph id="c510">
            <Coords points="1359,1535 1367,1535 1367,1573 1359,1573"/>
            <TextEquiv>
              <Unicode>'</Unicode>
            </TextEquiv>
          </Glyph>
          <Glyph id="c511">
            <Coords points="1370,1535 1382,1535 1382,1573 1370,1573"/>
            <TextEquiv>
              <Unicode>l</Unicode>
            </TextEquiv>
          </Glyph>
          <Glyph id="c512">
            <Coords points="1383,1535 1396,1535 1396,1573 1383,1573"/>
            <TextEquiv>
              <Unicode>l</Unicode>
            </TextEquiv>
          </Glyph>
          <TextEquiv>
            <Unicode>You'll</Unicode>
          </TextEquiv>
        </Word>
        <Word id="w178">
          <Coords points="1409,1535 1447,1535 1447,1573 1409,1573"/>
          <Glyph id="c513">
            <Coords points="1409,1535 1427,1535 1427,1573 1409,1573"/>
            <TextEquiv>
              <Unicode>a</Unicode>
            </TextEquiv>
          </Glyph>
          <Glyph id="c514">
            <Coords points="1433,1535 1447,1535 1447,1573 1433,1573"/>
            <TextEquiv>
              <Unicode>t</Unicode>
            </TextEquiv>
          </Glyph>
          <TextEquiv>
            <Unicode>at</Unicode>
          </TextEquiv>
        </Word>
        <Word id="w179">
          <Coords points="1493,1535 1559,1535 1559,1574 1493,1574"/>
          <Glyph id="c515">
            <Coords points="1493,1535 1525,1535 1525,1573 1493,1573"/>
            <TextEquiv>
              <Unicode>H</Unicode>
            </TextEquiv>
          </Glyph>
          <Glyph id="c516">
            <Coords points="1529,1535 1541,1535 1541,1573 1529,1573"/>
            <TextEquiv>
              <Unicode>i</Unicode>
            </TextEquiv>
          </Glyph>
          <Glyph id="c517">
            <Coords points="1544,1536 1559,1536 1559,1574 1544,1574"/>
            <TextEquiv>
              <Unicode>s</Unicode>
            </TextEquiv>
          </Glyph>
          <TextEquiv>
            <Unicode>His</Unicode>
          </TextEquiv>
        </Word>
        <Word id="w180">
          <Coords points="1574,1536 1667,1536 1667,1574 1574,1574"/>
          <Glyph id="c518">
            <Coords points="1574,1536 1594,1536 1594,1574 1574,1574"/>
            <TextEquiv>
              <Unicode>d</Unicode>
            </TextEquiv>
          </Glyph>
          <Glyph id="c519">
            <Coords points="1601,1536 1621,1536 1621,1574 1601,1574"/>
            <TextEquiv>
              <Unicode>o</Unicode>
            </TextEquiv>
          </Glyph>
          <Glyph id="c520">
            <Coords points="1626,1536 1645,1536 1645,1574 1626,1574"/>
            <TextEquiv>
              <Unicode>o</Unicode>
            </TextEquiv>
          </Glyph>
          <Glyph id="c521">
            <Coords points="1650,1536 1667,1536 1667,1574 1650,1574"/>
            <TextEquiv>
              <Unicode>r</Unicode>
            </TextEquiv>
          </Glyph>
          <TextEquiv>
            <Unicode>door</Unicode>
          </TextEquiv>
        </Word>
        <Word id="w181">
          <Coords points="1685,1536 1844,1537 1844,1576 1685,1575"/>
          <Glyph id="c522">
            <Coords points="1685,1536 1701,1536 1701,1574 1685,1574"/>
            <TextEquiv>
              <Unicode>r</Unicode>
            </TextEquiv>
          </Glyph>
          <Glyph id="c523">
            <Coords points="1705,1536 1723,1536 1723,1574 1705,1574"/>
            <TextEquiv>
              <Unicode>e</Unicode>
            </TextEquiv>
          </Glyph>
          <Glyph id="c524">
            <Coords points="1767,1536 1779,1536 1779,1574 1767,1574"/>
            <TextEquiv>
              <Unicode>j</Unicode>
            </TextEquiv>
          </Glyph>
          <Glyph id="c525">
            <Coords points="1785,1537 1803,1537 1803,1575 1785,1575"/>
            <TextEquiv>
              <Unicode>e</Unicode>
            </TextEquiv>
          </Glyph>
          <Glyph id="c526">
            <Coords points="1808,1537 1825,1537 1825,1575 1808,1575"/>
            <TextEquiv>
              <Unicode>c</Unicode>
            </TextEquiv>
          </Glyph>
          <Glyph id="c527">
            <Coords points="1830,1537 1844,1537 1844,1575 1830,1575"/>
            <TextEquiv>
              <Unicode>t</Unicode>
            </TextEquiv>
          </Glyph>
          <TextEquiv>
            <Unicode>reject</Unicode>
          </TextEquiv>
        </Word>
        <Word id="w182">
          <Coords points="1848,1537 1859,1537 1859,1575 1848,1575"/>
          <Glyph id="c528">
            <Coords points="1848,1537 1859,1537 1859,1575 1848,1575"/>
            <TextEquiv>
              <Unicode>-</Unicode>
            </TextEquiv>
          </Glyph>
          <TextEquiv>
            <Unicode>-</Unicode>
          </TextEquiv>
        </Word>
        <Word id="w183">
          <Coords points="1863,1537 1908,1537 1908,1575 1863,1575"/>
          <Glyph id="c529">
            <Coords points="1863,1537 1882,1537 1882,1575 1863,1575"/>
            <TextEquiv>
              <Unicode>e</Unicode>
            </TextEquiv>
          </Glyph>
          <Glyph id="c530">
            <Coords points="1883,1537 1908,1537 1908,1575 1883,1575"/>
            <TextEquiv>
              <Unicode>d</Unicode>
            </TextEquiv>
          </Glyph>
          <TextEquiv>
            <Unicode>ed</Unicode>
          </TextEquiv>
        </Word>
        <Word id="w184">
          <Coords points="1917,1537 2028,1537 2028,1575 1917,1575"/>
          <Glyph id="c531">
            <Coords points="1917,1537 1934,1537 1934,1575 1917,1575"/>
            <TextEquiv>
              <Unicode>s</Unicode>
            </TextEquiv>
          </Glyph>
          <Glyph id="c532">
            <Coords points="1937,1537 1953,1537 1953,1575 1937,1575"/>
            <TextEquiv>
              <Unicode>t</Unicode>
            </TextEquiv>
          </Glyph>
          <Glyph id="c533">
            <Coords points="1955,1537 1978,1537 1978,1575 1955,1575"/>
            <TextEquiv>
              <Unicode>a</Unicode>
            </TextEquiv>
          </Glyph>
          <Glyph id="c534">
            <Coords points="1978,1537 2000,1537 2000,1575 1978,1575"/>
            <TextEquiv>
              <Unicode>n</Unicode>
            </TextEquiv>
          </Glyph>
          <Glyph id="c535">
            <Coords points="2004,1537 2028,1537 2028,1575 2004,1575"/>
            <TextEquiv>
              <Unicode>d</Unicode>
            </TextEquiv>
          </Glyph>
          <TextEquiv>
            <Unicode>stand</Unicode>
          </TextEquiv>
        </Word>
        <Word id="w185">
          <Coords points="2033,1538 2042,1538 2042,1576 2033,1576"/>
          <Glyph id="c536">
            <Coords points="2033,1538 2042,1538 2042,1576 2033,1576"/>
            <TextEquiv>
              <Unicode>.</Unicode>
            </TextEquiv>
          </Glyph>
          <TextEquiv>
            <Unicode>.</Unicode>
          </TextEquiv>
        </Word>
        <TextEquiv>
          <Unicode/>
        </TextEquiv>
      </TextLine>
      <TextEquiv>
        <Unicode/>
      </TextEquiv>
    </TextRegion>
    <TextRegion id="r22">
      <Coords points="529,2536 556,2536 556,2579 529,2579"/>
      <TextLine id="l28">
        <Coords points="529,2536 556,2536 556,2579 529,2579"/>
        <Word id="w186">
          <Coords points="529,2536 556,2536 556,2579 529,2579"/>
          <Glyph id="c537">
            <Coords points="529,2536 556,2536 556,2579 529,2579"/>
            <TextEquiv>
              <Unicode>b</Unicode>
            </TextEquiv>
          </Glyph>
          <TextEquiv>
            <Unicode>b</Unicode>
          </TextEquiv>
        </Word>
        <TextEquiv>
          <Unicode/>
        </TextEquiv>
      </TextLine>
      <TextEquiv>
        <Unicode/>
      </TextEquiv>
    </TextRegion>
    <TextRegion id="r23">
      <Coords points="672,750 681,750 681,754 672,754"/>
      <TextLine id="l29">
        <Coords points="672,750 681,750 681,754 672,754"/>
        <Word id="w187">
          <Coords points="672,750 681,750 681,754 672,754"/>
          <Glyph id="c538">
            <Coords points="672,750 681,750 681,754 672,754"/>
            <TextEquiv>
              <Unicode>P</Unicode>
            </TextEquiv>
          </Glyph>
          <TextEquiv>
            <Unicode>P</Unicode>
          </TextEquiv>
        </Word>
        <TextEquiv>
          <Unicode/>
        </TextEquiv>
      </TextLine>
      <TextEquiv>
        <Unicode/>
      </TextEquiv>
    </TextRegion>
    <TextRegion id="r24">
      <Coords points="932,255 1506,259 1506,306 932,302"/>
      <TextLine id="l30">
        <Coords points="932,256 1506,256 1506,305 932,305"/>
        <Word id="w188">
          <Coords points="932,256 1034,257 1034,303 932,302"/>
          <Glyph id="c539">
            <Coords points="932,256 968,256 968,302 932,302"/>
            <TextEquiv>
              <Unicode>L</Unicode>
            </TextEquiv>
          </Glyph>
          <Glyph id="c540">
            <Coords points="973,256 1005,256 1005,302 973,302"/>
            <TextEquiv>
              <Unicode>e</Unicode>
            </TextEquiv>
          </Glyph>
          <Glyph id="c541">
            <Coords points="1007,256 1034,256 1034,302 1007,302"/>
            <TextEquiv>
              <Unicode>t</Unicode>
            </TextEquiv>
          </Glyph>
          <TextEquiv>
            <Unicode>Let</Unicode>
          </TextEquiv>
        </Word>
        <Word id="w189">
          <Coords points="1070,256 1190,257 1190,304 1070,303"/>
          <Glyph id="c542">
            <Coords points="1070,256 1111,256 1111,302 1070,302"/>
            <TextEquiv>
              <Unicode>H</Unicode>
            </TextEquiv>
          </Glyph>
          <Glyph id="c543">
            <Coords points="1115,257 1140,257 1140,303 1115,303"/>
            <TextEquiv>
              <Unicode>i</Unicode>
            </TextEquiv>
          </Glyph>
          <Glyph id="c544">
            <Coords points="1140,257 1190,257 1190,303 1140,303"/>
            <TextEquiv>
              <Unicode>m</Unicode>
            </TextEquiv>
          </Glyph>
          <TextEquiv>
            <Unicode>Him</Unicode>
          </TextEquiv>
        </Word>
        <Word id="w190">
          <Coords points="1234,257 1400,258 1400,305 1234,304"/>
          <Glyph id="c545">
            <Coords points="1234,257 1267,257 1267,303 1234,303"/>
            <TextEquiv>
              <Unicode>C</Unicode>
            </TextEquiv>
          </Glyph>
          <Glyph id="c546">
            <Coords points="1273,258 1304,258 1304,304 1273,304"/>
            <TextEquiv>
              <Unicode>o</Unicode>
            </TextEquiv>
          </Glyph>
          <Glyph id="c547">
            <Coords points="1309,258 1358,258 1358,304 1309,304"/>
            <TextEquiv>
              <Unicode>m</Unicode>
            </TextEquiv>
          </Glyph>
          <Glyph id="c548">
            <Coords points="1369,258 1400,258 1400,304 1369,304"/>
            <TextEquiv>
              <Unicode>e</Unicode>
            </TextEquiv>
          </Glyph>
          <TextEquiv>
            <Unicode>Come</Unicode>
          </TextEquiv>
        </Word>
        <Word id="w191">
          <Coords points="1423,259 1480,259 1480,305 1423,305"/>
          <Glyph id="c549">
            <Coords points="1423,259 1445,259 1445,305 1423,305"/>
            <TextEquiv>
              <Unicode>i</Unicode>
            </TextEquiv>
          </Glyph>
          <Glyph id="c550">
            <Coords points="1447,259 1480,259 1480,305 1447,305"/>
            <TextEquiv>
              <Unicode>n</Unicode>
            </TextEquiv>
          </Glyph>
          <TextEquiv>
            <Unicode>in</Unicode>
          </TextEquiv>
        </Word>
        <Word id="w192">
          <Coords points="1490,259 1506,259 1506,305 1490,305"/>
          <Glyph id="c551">
            <Coords points="1490,259 1506,259 1506,305 1490,305"/>
            <TextEquiv>
              <Unicode>.</Unicode>
            </TextEquiv>
          </Glyph>
          <TextEquiv>
            <Unicode>.</Unicode>
          </TextEquiv>
        </Word>
        <TextEquiv>
          <Unicode/>
        </TextEquiv>
      </TextLine>
      <TextEquiv>
        <Unicode/>
      </TextEquiv>
    </TextRegion>
    <TextRegion id="r25">
      <Coords points="811,400 1639,400 1639,425 811,425"/>
      <TextLine id="l31">
        <Coords points="811,400 1639,400 1639,425 811,425"/>
        <Word id="w193">
          <Coords points="811,400 830,400 830,425 811,425"/>
          <Glyph id="c552">
            <Coords points="811,400 830,400 830,425 811,425"/>
            <TextEquiv>
              <Unicode>"</Unicode>
            </TextEquiv>
          </Glyph>
          <TextEquiv>
            <Unicode>"</Unicode>
          </TextEquiv>
        </Word>
        <Word id="w194">
          <Coords points="837,400 944,400 944,425 837,425"/>
          <Glyph id="c553">
            <Coords points="837,400 858,400 858,425 837,425"/>
            <TextEquiv>
              <Unicode>B</Unicode>
            </TextEquiv>
          </Glyph>
          <Glyph id="c554">
            <Coords points="862,400 877,400 877,425 862,425"/>
            <TextEquiv>
              <Unicode>e</Unicode>
            </TextEquiv>
          </Glyph>
          <Glyph id="c555">
            <Coords points="878,400 895,400 895,425 878,425"/>
            <TextEquiv>
              <Unicode>h</Unicode>
            </TextEquiv>
          </Glyph>
          <Glyph id="c556">
            <Coords points="898,400 913,400 913,425 898,425"/>
            <TextEquiv>
              <Unicode>o</Unicode>
            </TextEquiv>
          </Glyph>
          <Glyph id="c557">
            <Coords points="915,400 924,400 924,425 915,425"/>
            <TextEquiv>
              <Unicode>l</Unicode>
            </TextEquiv>
          </Glyph>
          <Glyph id="c558">
            <Coords points="927,400 944,400 944,425 927,425"/>
            <TextEquiv>
              <Unicode>d</Unicode>
            </TextEquiv>
          </Glyph>
          <TextEquiv>
            <Unicode>Behold</Unicode>
          </TextEquiv>
        </Word>
        <Word id="w195">
          <Coords points="958,400 970,400 970,425 958,425"/>
          <Glyph id="c559">
            <Coords points="958,400 970,400 970,425 958,425"/>
            <TextEquiv>
              <Unicode>I</Unicode>
            </TextEquiv>
          </Glyph>
          <TextEquiv>
            <Unicode>I</Unicode>
          </TextEquiv>
        </Word>
        <Word id="w196">
          <Coords points="983,400 1065,400 1065,425 983,425"/>
          <Glyph id="c560">
            <Coords points="983,400 994,400 994,425 983,425"/>
            <TextEquiv>
              <Unicode>s</Unicode>
            </TextEquiv>
          </Glyph>
          <Glyph id="c561">
            <Coords points="997,400 1007,400 1007,425 997,425"/>
            <TextEquiv>
              <Unicode>t</Unicode>
            </TextEquiv>
          </Glyph>
          <Glyph id="c562">
            <Coords points="1009,400 1024,400 1024,425 1009,425"/>
            <TextEquiv>
              <Unicode>a</Unicode>
            </TextEquiv>
          </Glyph>
          <Glyph id="c563">
            <Coords points="1028,400 1045,400 1045,425 1028,425"/>
            <TextEquiv>
              <Unicode>n</Unicode>
            </TextEquiv>
          </Glyph>
          <Glyph id="c564">
            <Coords points="1049,400 1065,400 1065,425 1049,425"/>
            <TextEquiv>
              <Unicode>d</Unicode>
            </TextEquiv>
          </Glyph>
          <TextEquiv>
            <Unicode>stand</Unicode>
          </TextEquiv>
        </Word>
        <Word id="w197">
          <Coords points="1078,400 1105,400 1105,425 1078,425"/>
          <Glyph id="c565">
            <Coords points="1078,400 1092,400 1092,425 1078,425"/>
            <TextEquiv>
              <Unicode>a</Unicode>
            </TextEquiv>
          </Glyph>
          <Glyph id="c566">
            <Coords points="1095,400 1105,400 1105,425 1095,425"/>
            <TextEquiv>
              <Unicode>t</Unicode>
            </TextEquiv>
          </Glyph>
          <TextEquiv>
            <Unicode>at</Unicode>
          </TextEquiv>
        </Word>
        <Word id="w198">
          <Coords points="1117,400 1165,400 1165,425 1117,425"/>
          <Glyph id="c567">
            <Coords points="1117,400 1127,400 1127,425 1117,425"/>
            <TextEquiv>
              <Unicode>t</Unicode>
            </TextEquiv>
          </Glyph>
          <Glyph id="c568">
            <Coords points="1131,400 1146,400 1146,425 1131,425"/>
            <TextEquiv>
              <Unicode>h</Unicode>
            </TextEquiv>
          </Glyph>
          <Glyph id="c569">
            <Coords points="1152,400 1165,400 1165,425 1152,425"/>
            <TextEquiv>
              <Unicode>e</Unicode>
            </TextEquiv>
          </Glyph>
          <TextEquiv>
            <Unicode>the</Unicode>
          </TextEquiv>
        </Word>
        <Word id="w199">
          <Coords points="1177,400 1243,400 1243,425 1177,425"/>
          <Glyph id="c570">
            <Coords points="1177,400 1193,400 1193,425 1177,425"/>
            <TextEquiv>
              <Unicode>d</Unicode>
            </TextEquiv>
          </Glyph>
          <Glyph id="c571">
            <Coords points="1197,400 1212,400 1212,425 1197,425"/>
            <TextEquiv>
              <Unicode>o</Unicode>
            </TextEquiv>
          </Glyph>
          <Glyph id="c572">
            <Coords points="1215,400 1229,400 1229,425 1215,425"/>
            <TextEquiv>
              <Unicode>o</Unicode>
            </TextEquiv>
          </Glyph>
          <Glyph id="c573">
            <Coords points="1231,400 1243,400 1243,425 1231,425"/>
            <TextEquiv>
              <Unicode>r</Unicode>
            </TextEquiv>
          </Glyph>
          <TextEquiv>
            <Unicode>door</Unicode>
          </TextEquiv>
        </Word>
        <Word id="w200">
          <Coords points="1256,400 1312,400 1312,425 1256,425"/>
          <Glyph id="c574">
            <Coords points="1256,400 1272,400 1272,425 1256,425"/>
            <TextEquiv>
              <Unicode>a</Unicode>
            </TextEquiv>
          </Glyph>
          <Glyph id="c575">
            <Coords points="1275,400 1291,400 1291,425 1275,425"/>
            <TextEquiv>
              <Unicode>n</Unicode>
            </TextEquiv>
          </Glyph>
          <Glyph id="c576">
            <Coords points="1296,400 1312,400 1312,425 1296,425"/>
            <TextEquiv>
              <Unicode>d</Unicode>
            </TextEquiv>
          </Glyph>
          <TextEquiv>
            <Unicode>and</Unicode>
          </TextEquiv>
        </Word>
        <Word id="w201">
          <Coords points="1324,400 1417,400 1417,425 1324,425"/>
          <Glyph id="c577">
            <Coords points="1324,400 1341,400 1341,425 1324,425"/>
            <TextEquiv>
              <Unicode>k</Unicode>
            </TextEquiv>
          </Glyph>
          <Glyph id="c578">
            <Coords points="1344,400 1361,400 1361,425 1344,425"/>
            <TextEquiv>
              <Unicode>n</Unicode>
            </TextEquiv>
          </Glyph>
          <Glyph id="c579">
            <Coords points="1366,400 1380,400 1380,425 1366,425"/>
            <TextEquiv>
              <Unicode>o</Unicode>
            </TextEquiv>
          </Glyph>
          <Glyph id="c580">
            <Coords points="1383,400 1395,400 1395,425 1383,425"/>
            <TextEquiv>
              <Unicode>c</Unicode>
            </TextEquiv>
          </Glyph>
          <Glyph id="c581">
            <Coords points="1400,400 1417,400 1417,425 1400,425"/>
            <TextEquiv>
              <Unicode>k</Unicode>
            </TextEquiv>
          </Glyph>
          <TextEquiv>
            <Unicode>knock</Unicode>
          </TextEquiv>
        </Word>
        <Word id="w202">
          <Coords points="1420,400 1426,400 1426,425 1420,425"/>
          <Glyph id="c582">
            <Coords points="1420,400 1426,400 1426,425 1420,425"/>
            <TextEquiv>
              <Unicode>.</Unicode>
            </TextEquiv>
          </Glyph>
          <TextEquiv>
            <Unicode>.</Unicode>
          </TextEquiv>
        </Word>
        <Word id="w203">
          <Coords points="1430,400 1446,400 1446,425 1430,425"/>
          <Glyph id="c583">
            <Coords points="1430,400 1446,400 1446,425 1430,425"/>
            <TextEquiv>
              <Unicode>"</Unicode>
            </TextEquiv>
          </Glyph>
          <TextEquiv>
            <Unicode>"</Unicode>
          </TextEquiv>
        </Word>
        <Word id="w204">
          <Coords points="1449,400 1472,400 1472,425 1449,425"/>
          <Glyph id="c584">
            <Coords points="1449,400 1472,400 1472,425 1449,425"/>
            <TextEquiv>
              <Unicode>-</Unicode>
            </TextEquiv>
          </Glyph>
          <TextEquiv>
            <Unicode>-</Unicode>
          </TextEquiv>
        </Word>
        <Word id="w205">
          <Coords points="1479,400 1536,400 1536,425 1479,425"/>
          <Glyph id="c585">
            <Coords points="1479,400 1501,400 1501,425 1479,425"/>
            <TextEquiv>
              <Unicode>R</Unicode>
            </TextEquiv>
          </Glyph>
          <Glyph id="c586">
            <Coords points="1503,400 1517,400 1517,425 1503,425"/>
            <TextEquiv>
              <Unicode>e</Unicode>
            </TextEquiv>
          </Glyph>
          <Glyph id="c587">
            <Coords points="1520,400 1536,400 1536,425 1520,425"/>
            <TextEquiv>
              <Unicode>v</Unicode>
            </TextEquiv>
          </Glyph>
          <TextEquiv>
            <Unicode>Rev</Unicode>
          </TextEquiv>
        </Word>
        <Word id="w206">
          <Coords points="1542,400 1547,400 1547,425 1542,425"/>
          <Glyph id="c588">
            <Coords points="1542,400 1547,400 1547,425 1542,425"/>
            <TextEquiv>
              <Unicode>.</Unicode>
            </TextEquiv>
          </Glyph>
          <TextEquiv>
            <Unicode>.</Unicode>
          </TextEquiv>
        </Word>
        <Word id="w207">
          <Coords points="1560,400 1573,400 1573,425 1560,425"/>
          <Glyph id="c589">
            <Coords points="1560,400 1573,400 1573,425 1560,425"/>
            <TextEquiv>
              <Unicode>3</Unicode>
            </TextEquiv>
          </Glyph>
          <TextEquiv>
            <Unicode>3</Unicode>
          </TextEquiv>
        </Word>
        <Word id="w208">
          <Coords points="1579,400 1586,400 1586,425 1579,425"/>
          <Glyph id="c590">
            <Coords points="1579,400 1586,400 1586,425 1579,425"/>
            <TextEquiv>
              <Unicode>:</Unicode>
            </TextEquiv>
          </Glyph>
          <TextEquiv>
            <Unicode>:</Unicode>
          </TextEquiv>
        </Word>
        <Word id="w209">
          <Coords points="1601,400 1630,400 1630,425 1601,425"/>
          <Glyph id="c591">
            <Coords points="1601,400 1615,400 1615,425 1601,425"/>
            <TextEquiv>
              <Unicode>2</Unicode>
            </TextEquiv>
          </Glyph>
          <Glyph id="c592">
            <Coords points="1616,400 1630,400 1630,425 1616,425"/>
            <TextEquiv>
              <Unicode>0</Unicode>
            </TextEquiv>
          </Glyph>
          <TextEquiv>
            <Unicode>20</Unicode>
          </TextEquiv>
        </Word>
        <Word id="w210">
          <Coords points="1632,400 1639,400 1639,425 1632,425"/>
          <Glyph id="c593">
            <Coords points="1632,400 1639,400 1639,425 1632,425"/>
            <TextEquiv>
              <Unicode>.</Unicode>
            </TextEquiv>
          </Glyph>
          <TextEquiv>
            <Unicode>.</Unicode>
          </TextEquiv>
        </Word>
        <TextEquiv>
          <Unicode/>
        </TextEquiv>
      </TextLine>
      <TextEquiv>
        <Unicode/>
      </TextEquiv>
    </TextRegion>
    <TextRegion id="r26">
      <Coords points="465,2855 560,2858 557,2941 462,2938"/>
      <TextLine id="l32">
        <Coords points="482,2857 560,2857 560,2903 482,2903"/>
        <Word id="w211">
          <Coords points="484,2857 512,2858 510,2902 482,2901"/>
          <Glyph id="c594">
            <Coords points="484,2857 512,2858 510,2902 482,2901"/>
            <TextEquiv>
              <Unicode>b</Unicode>
            </TextEquiv>
          </Glyph>
          <TextEquiv>
            <Unicode>b</Unicode>
          </TextEquiv>
        </Word>
        <Word id="w212">
          <Coords points="528,2858 560,2859 558,2903 526,2902"/>
          <Glyph id="c595">
            <Coords points="528,2858 560,2859 558,2903 526,2902"/>
            <TextEquiv>
              <Unicode>b</Unicode>
            </TextEquiv>
          </Glyph>
          <TextEquiv>
            <Unicode>b</Unicode>
          </TextEquiv>
        </Word>
        <TextEquiv>
          <Unicode/>
        </TextEquiv>
      </TextLine>
      <TextLine id="l33">
        <Coords points="463,2895 536,2895 536,2939 463,2939"/>
        <Word id="w213">
          <Coords points="464,2895 491,2896 490,2939 463,2938"/>
          <Glyph id="c596">
            <Coords points="464,2895 491,2896 490,2939 463,2938"/>
            <TextEquiv>
              <Unicode>b</Unicode>
            </TextEquiv>
          </Glyph>
          <TextEquiv>
            <Unicode>b</Unicode>
          </TextEquiv>
        </Word>
        <Word id="w214">
          <Coords points="505,2895 536,2896 535,2939 504,2938"/>
          <Glyph id="c597">
            <Coords points="505,2895 536,2896 535,2939 504,2938"/>
            <TextEquiv>
              <Unicode>b</Unicode>
            </TextEquiv>
          </Glyph>
          <TextEquiv>
            <Unicode>b</Unicode>
          </TextEquiv>
        </Word>
        <TextEquiv>
          <Unicode/>
        </TextEquiv>
      </TextLine>
      <TextEquiv>
        <Unicode/>
      </TextEquiv>
    </TextRegion>
    <TextRegion id="r27">
      <Coords points="892,1831 1121,1835 1120,1864 891,1860"/>
      <TextLine id="l34">
        <Coords points="891,1831 1121,1831 1121,1864 891,1864"/>
        <Word id="w215">
          <Coords points="892,1831 965,1832 964,1861 891,1860"/>
          <Glyph id="c598">
            <Coords points="892,1832 919,1833 918,1861 891,1860"/>
            <TextEquiv>
              <Unicode>H</Unicode>
            </TextEquiv>
          </Glyph>
          <Glyph id="c599">
            <Coords points="925,1832 936,1832 935,1860 924,1860"/>
            <TextEquiv>
              <Unicode>i</Unicode>
            </TextEquiv>
          </Glyph>
          <Glyph id="c600">
            <Coords points="937,1832 965,1833 964,1861 936,1860"/>
            <TextEquiv>
              <Unicode>m</Unicode>
            </TextEquiv>
          </Glyph>
          <TextEquiv>
            <Unicode>Him</Unicode>
          </TextEquiv>
        </Word>
        <Word id="w216">
          <Coords points="979,1833 1069,1835 1068,1864 978,1862"/>
          <Glyph id="c601">
            <Coords points="979,1833 994,1833 993,1861 978,1861"/>
            <TextEquiv>
              <Unicode>c</Unicode>
            </TextEquiv>
          </Glyph>
          <Glyph id="c602">
            <Coords points="997,1834 1014,1834 1013,1862 996,1862"/>
            <TextEquiv>
              <Unicode>o</Unicode>
            </TextEquiv>
          </Glyph>
          <Glyph id="c603">
            <Coords points="1018,1834 1046,1835 1045,1863 1017,1862"/>
            <TextEquiv>
              <Unicode>m</Unicode>
            </TextEquiv>
          </Glyph>
          <Glyph id="c604">
            <Coords points="1052,1835 1069,1835 1068,1863 1051,1863"/>
            <TextEquiv>
              <Unicode>e</Unicode>
            </TextEquiv>
          </Glyph>
          <TextEquiv>
            <Unicode>come</Unicode>
          </TextEquiv>
        </Word>
        <Word id="w217">
          <Coords points="1077,1835 1109,1836 1108,1864 1076,1863"/>
          <Glyph id="c605">
            <Coords points="1077,1835 1087,1835 1086,1863 1076,1863"/>
            <TextEquiv>
              <Unicode>i</Unicode>
            </TextEquiv>
          </Glyph>
          <Glyph id="c606">
            <Coords points="1090,1835 1109,1835 1108,1863 1089,1863"/>
            <TextEquiv>
              <Unicode>n</Unicode>
            </TextEquiv>
          </Glyph>
          <TextEquiv>
            <Unicode>in</Unicode>
          </TextEquiv>
        </Word>
        <Word id="w218">
          <Coords points="1114,1836 1121,1836 1120,1864 1113,1864"/>
          <Glyph id="c607">
            <Coords points="1114,1836 1121,1836 1120,1864 1113,1864"/>
            <TextEquiv>
              <Unicode>,</Unicode>
            </TextEquiv>
          </Glyph>
          <TextEquiv>
            <Unicode>,</Unicode>
          </TextEquiv>
        </Word>
        <TextEquiv>
          <Unicode/>
        </TextEquiv>
      </TextLine>
      <TextEquiv>
        <Unicode/>
      </TextEquiv>
    </TextRegion>
    <TextRegion id="r28">
      <Coords points="1653,478 1950,480 1950,513 1653,511"/>
      <TextLine id="l35">
        <Coords points="1653,479 1950,479 1950,513 1653,513"/>
        <Word id="w219">
          <Coords points="1653,479 1694,479 1694,511 1653,511"/>
          <Glyph id="c608">
            <Coords points="1653,479 1679,479 1679,511 1653,511"/>
            <TextEquiv>
              <Unicode>C</Unicode>
            </TextEquiv>
          </Glyph>
          <Glyph id="c609">
            <Coords points="1687,479 1694,479 1694,511 1687,511"/>
            <TextEquiv>
              <Unicode>.</Unicode>
            </TextEquiv>
          </Glyph>
          <TextEquiv>
            <Unicode>C.</Unicode>
          </TextEquiv>
        </Word>
        <Word id="w220">
          <Coords points="1713,479 1754,479 1754,511 1713,511"/>
          <Glyph id="c610">
            <Coords points="1713,479 1738,479 1738,511 1713,511"/>
            <TextEquiv>
              <Unicode>C</Unicode>
            </TextEquiv>
          </Glyph>
          <Glyph id="c611">
            <Coords points="1748,479 1754,479 1754,511 1748,511"/>
            <TextEquiv>
              <Unicode>.</Unicode>
            </TextEquiv>
          </Glyph>
          <TextEquiv>
            <Unicode>C.</Unicode>
          </TextEquiv>
        </Word>
        <Word id="w221">
          <Coords points="1776,479 1937,480 1937,513 1776,512"/>
          <Glyph id="c612">
            <Coords points="1776,479 1801,479 1801,511 1776,511"/>
            <TextEquiv>
              <Unicode>L</Unicode>
            </TextEquiv>
          </Glyph>
          <Glyph id="c613">
            <Coords points="1805,480 1830,480 1830,512 1805,512"/>
            <TextEquiv>
              <Unicode>U</Unicode>
            </TextEquiv>
          </Glyph>
          <Glyph id="c614">
            <Coords points="1833,480 1854,480 1854,512 1833,512"/>
            <TextEquiv>
              <Unicode>T</Unicode>
            </TextEquiv>
          </Glyph>
          <Glyph id="c615">
            <Coords points="1859,480 1884,480 1884,512 1859,512"/>
            <TextEquiv>
              <Unicode>H</Unicode>
            </TextEquiv>
          </Glyph>
          <Glyph id="c616">
            <Coords points="1888,480 1911,480 1911,512 1888,512"/>
            <TextEquiv>
              <Unicode>E</Unicode>
            </TextEquiv>
          </Glyph>
          <Glyph id="c617">
            <Coords points="1914,480 1937,480 1937,512 1914,512"/>
            <TextEquiv>
              <Unicode>R</Unicode>
            </TextEquiv>
          </Glyph>
          <TextEquiv>
            <Unicode>LUTHER</Unicode>
          </TextEquiv>
        </Word>
        <Word id="w222">
          <Coords points="1942,480 1950,480 1950,512 1942,512"/>
          <Glyph id="c618">
            <Coords points="1942,480 1950,480 1950,512 1942,512"/>
            <TextEquiv>
              <Unicode>.</Unicode>
            </TextEquiv>
          </Glyph>
          <TextEquiv>
            <Unicode>.</Unicode>
          </TextEquiv>
        </Word>
        <TextEquiv>
          <Unicode/>
        </TextEquiv>
      </TextLine>
      <TextEquiv>
        <Unicode/>
      </TextEquiv>
    </TextRegion>
    <TextRegion id="r29">
      <Coords points="889,2249 1088,2240 1094,2373 895,2382"/>
      <TextLine id="l36">
        <Coords points="889,2240 1094,2240 1094,2382 889,2382"/>
        <Word id="w223">
          <Coords points="889,2249 1088,2240 1094,2373 895,2382"/>
          <Glyph id="c619">
            <Coords points="889,2250 992,2245 998,2377 895,2382"/>
            <TextEquiv>
              <Unicode>F</Unicode>
            </TextEquiv>
          </Glyph>
          <Glyph id="c620">
            <Coords points="929,2248 1034,2243 1040,2375 935,2380"/>
            <TextEquiv>
              <Unicode>E</Unicode>
            </TextEquiv>
          </Glyph>
          <Glyph id="c621">
            <Coords points="1005,2244 1088,2240 1094,2372 1011,2376"/>
            <TextEquiv>
              <Unicode>E</Unicode>
            </TextEquiv>
          </Glyph>
          <TextEquiv>
            <Unicode>FEE</Unicode>
          </TextEquiv>
        </Word>
        <TextEquiv>
          <Unicode/>
        </TextEquiv>
      </TextLine>
      <TextEquiv>
        <Unicode/>
      </TextEquiv>
    </TextRegion>
    <TextRegion id="r30">
      <Coords points="1158,1855 1165,1855 1165,1860 1158,1860"/>
      <TextLine id="l37">
        <Coords points="1158,1855 1165,1855 1165,1860 1158,1860"/>
        <Word id="w224">
          <Coords points="1158,1855 1165,1855 1165,1860 1158,1860"/>
          <Glyph id="c622">
            <Coords points="1158,1855 1165,1855 1165,1860 1158,1860"/>
            <TextEquiv>
              <Unicode></Unicode>
            </TextEquiv>
          </Glyph>
          <TextEquiv>
            <Unicode></Unicode>
          </TextEquiv>
        </Word>
        <TextEquiv>
          <Unicode/>
        </TextEquiv>
      </TextLine>
      <TextEquiv>
        <Unicode/>
      </TextEquiv>
    </TextRegion>
    <TextRegion id="r31">
      <Coords points="463,3040 1074,3037 1074,3075 463,3078"/>
      <TextLine id="l38">
        <Coords points="463,3037 1074,3037 1074,3078 463,3078"/>
        <Word id="w225">
          <Coords points="463,3040 641,3039 641,3077 463,3078"/>
          <Glyph id="c623">
            <Coords points="463,3041 485,3041 485,3078 463,3078"/>
            <TextEquiv>
              <Unicode>C</Unicode>
            </TextEquiv>
          </Glyph>
          <Glyph id="c624">
            <Coords points="487,3040 504,3040 504,3077 487,3077"/>
            <TextEquiv>
              <Unicode>o</Unicode>
            </TextEquiv>
          </Glyph>
          <Glyph id="c625">
            <Coords points="507,3040 527,3040 527,3077 507,3077"/>
            <TextEquiv>
              <Unicode>p</Unicode>
            </TextEquiv>
          </Glyph>
          <Glyph id="c626">
            <Coords points="531,3040 551,3040 551,3077 531,3077"/>
            <TextEquiv>
              <Unicode>y</Unicode>
            </TextEquiv>
          </Glyph>
          <Glyph id="c627">
            <Coords points="553,3040 568,3040 568,3077 553,3077"/>
            <TextEquiv>
              <Unicode>r</Unicode>
            </TextEquiv>
          </Glyph>
          <Glyph id="c628">
            <Coords points="571,3040 581,3040 581,3077 571,3077"/>
            <TextEquiv>
              <Unicode>i</Unicode>
            </TextEquiv>
          </Glyph>
          <Glyph id="c629">
            <Coords points="583,3040 603,3040 603,3077 583,3077"/>
            <TextEquiv>
              <Unicode>g</Unicode>
            </TextEquiv>
          </Glyph>
          <Glyph id="c630">
            <Coords points="604,3040 624,3040 624,3077 604,3077"/>
            <TextEquiv>
              <Unicode>h</Unicode>
            </TextEquiv>
          </Glyph>
          <Glyph id="c631">
            <Coords points="627,3040 641,3040 641,3077 627,3077"/>
            <TextEquiv>
              <Unicode>t</Unicode>
            </TextEquiv>
          </Glyph>
          <TextEquiv>
            <Unicode>Copyright</Unicode>
          </TextEquiv>
        </Word>
        <Word id="w226">
          <Coords points="644,3039 649,3039 649,3076 644,3076"/>
          <Glyph id="c632">
            <Coords points="644,3039 649,3039 649,3076 644,3076"/>
            <TextEquiv>
              <Unicode>,</Unicode>
            </TextEquiv>
          </Glyph>
          <TextEquiv>
            <Unicode>,</Unicode>
          </TextEquiv>
        </Word>
        <Word id="w227">
          <Coords points="665,3039 731,3039 731,3076 665,3076"/>
          <Glyph id="c633">
            <Coords points="665,3039 679,3039 679,3076 665,3076"/>
            <TextEquiv>
              <Unicode>1</Unicode>
            </TextEquiv>
          </Glyph>
          <Glyph id="c634">
            <Coords points="681,3039 697,3039 697,3076 681,3076"/>
            <TextEquiv>
              <Unicode>8</Unicode>
            </TextEquiv>
          </Glyph>
          <Glyph id="c635">
            <Coords points="698,3039 713,3039 713,3076 698,3076"/>
            <TextEquiv>
              <Unicode>8</Unicode>
            </TextEquiv>
          </Glyph>
          <Glyph id="c636">
            <Coords points="716,3039 731,3039 731,3076 716,3076"/>
            <TextEquiv>
              <Unicode>8</Unicode>
            </TextEquiv>
          </Glyph>
          <TextEquiv>
            <Unicode>1888</Unicode>
          </TextEquiv>
        </Word>
        <Word id="w228">
          <Coords points="734,3039 740,3039 740,3076 734,3076"/>
          <Glyph id="c637">
            <Coords points="734,3039 740,3039 740,3076 734,3076"/>
            <TextEquiv>
              <Unicode>,</Unicode>
            </TextEquiv>
          </Glyph>
          <TextEquiv>
            <Unicode>,</Unicode>
          </TextEquiv>
        </Word>
        <Word id="w229">
          <Coords points="754,3039 795,3039 795,3076 754,3076"/>
          <Glyph id="c638">
            <Coords points="754,3039 773,3039 773,3076 754,3076"/>
            <TextEquiv>
              <Unicode>b</Unicode>
            </TextEquiv>
          </Glyph>
          <Glyph id="c639">
            <Coords points="776,3039 795,3039 795,3076 776,3076"/>
            <TextEquiv>
              <Unicode>y</Unicode>
            </TextEquiv>
          </Glyph>
          <TextEquiv>
            <Unicode>by</Unicode>
          </TextEquiv>
        </Word>
        <Word id="w230">
          <Coords points="810,3038 843,3038 843,3076 810,3076"/>
          <Glyph id="c640">
            <Coords points="810,3039 830,3039 830,3076 810,3076"/>
            <TextEquiv>
              <Unicode>C</Unicode>
            </TextEquiv>
          </Glyph>
          <Glyph id="c641">
            <Coords points="837,3038 843,3038 843,3075 837,3075"/>
            <TextEquiv>
              <Unicode>.</Unicode>
            </TextEquiv>
          </Glyph>
          <TextEquiv>
            <Unicode>C.</Unicode>
          </TextEquiv>
        </Word>
        <Word id="w231">
          <Coords points="858,3038 889,3038 889,3075 858,3075"/>
          <Glyph id="c642">
            <Coords points="858,3038 878,3038 878,3075 858,3075"/>
            <TextEquiv>
              <Unicode>C</Unicode>
            </TextEquiv>
          </Glyph>
          <Glyph id="c643">
            <Coords points="883,3038 889,3038 889,3075 883,3075"/>
            <TextEquiv>
              <Unicode>.</Unicode>
            </TextEquiv>
          </Glyph>
          <TextEquiv>
            <Unicode>C.</Unicode>
          </TextEquiv>
        </Word>
        <Word id="w232">
          <Coords points="908,3038 1064,3037 1064,3074 908,3075"/>
          <Glyph id="c644">
            <Coords points="908,3038 930,3038 930,3075 908,3075"/>
            <TextEquiv>
              <Unicode>L</Unicode>
            </TextEquiv>
          </Glyph>
          <Glyph id="c645">
            <Coords points="933,3038 956,3038 956,3075 933,3075"/>
            <TextEquiv>
              <Unicode>U</Unicode>
            </TextEquiv>
          </Glyph>
          <Glyph id="c646">
            <Coords points="959,3038 981,3038 981,3075 959,3075"/>
            <TextEquiv>
              <Unicode>T</Unicode>
            </TextEquiv>
          </Glyph>
          <Glyph id="c647">
            <Coords points="985,3038 1010,3038 1010,3075 985,3075"/>
            <TextEquiv>
              <Unicode>H</Unicode>
            </TextEquiv>
          </Glyph>
          <Glyph id="c648">
            <Coords points="1013,3037 1036,3037 1036,3074 1013,3074"/>
            <TextEquiv>
              <Unicode>E</Unicode>
            </TextEquiv>
          </Glyph>
          <Glyph id="c649">
            <Coords points="1039,3037 1064,3037 1064,3074 1039,3074"/>
            <TextEquiv>
              <Unicode>R</Unicode>
            </TextEquiv>
          </Glyph>
          <TextEquiv>
            <Unicode>LUTHER</Unicode>
          </TextEquiv>
        </Word>
        <Word id="w233">
          <Coords points="1066,3037 1074,3037 1074,3074 1066,3074"/>
          <Glyph id="c650">
            <Coords points="1066,3037 1074,3037 1074,3074 1066,3074"/>
            <TextEquiv>
              <Unicode>.</Unicode>
            </TextEquiv>
          </Glyph>
          <TextEquiv>
            <Unicode>.</Unicode>
          </TextEquiv>
        </Word>
        <TextEquiv>
          <Unicode/>
        </TextEquiv>
      </TextLine>
      <TextEquiv>
        <Unicode/>
      </TextEquiv>
    </TextRegion>
    <TextRegion id="r32">
      <Coords points="1311,1835 1836,1835 1836,1866 1311,1866"/>
      <TextLine id="l39">
        <Coords points="1311,1835 1836,1835 1836,1866 1311,1866"/>
        <Word id="w234">
          <Coords points="1311,1835 1357,1835 1357,1866 1311,1866"/>
          <Glyph id="c651">
            <Coords points="1311,1835 1335,1835 1335,1866 1311,1866"/>
            <TextEquiv>
              <Unicode>O</Unicode>
            </TextEquiv>
          </Glyph>
          <Glyph id="c652">
            <Coords points="1336,1835 1357,1835 1357,1866 1336,1866"/>
            <TextEquiv>
              <Unicode>h</Unicode>
            </TextEquiv>
          </Glyph>
          <TextEquiv>
            <Unicode>Oh</Unicode>
          </TextEquiv>
        </Word>
        <Word id="w235">
          <Coords points="1363,1835 1370,1835 1370,1866 1363,1866"/>
          <Glyph id="c653">
            <Coords points="1363,1835 1370,1835 1370,1866 1363,1866"/>
            <TextEquiv>
              <Unicode>,</Unicode>
            </TextEquiv>
          </Glyph>
          <TextEquiv>
            <Unicode>,</Unicode>
          </TextEquiv>
        </Word>
        <Word id="w236">
          <Coords points="1404,1835 1452,1835 1452,1866 1404,1866"/>
          <Glyph id="c654">
            <Coords points="1404,1835 1415,1835 1415,1866 1404,1866"/>
            <TextEquiv>
              <Unicode>l</Unicode>
            </TextEquiv>
          </Glyph>
          <Glyph id="c655">
            <Coords points="1418,1835 1436,1835 1436,1866 1418,1866"/>
            <TextEquiv>
              <Unicode>e</Unicode>
            </TextEquiv>
          </Glyph>
          <Glyph id="c656">
            <Coords points="1438,1835 1452,1835 1452,1866 1438,1866"/>
            <TextEquiv>
              <Unicode>t</Unicode>
            </TextEquiv>
          </Glyph>
          <TextEquiv>
            <Unicode>let</Unicode>
          </TextEquiv>
        </Word>
        <Word id="w237">
          <Coords points="1486,1835 1586,1835 1586,1866 1486,1866"/>
          <Glyph id="c657">
            <Coords points="1486,1835 1498,1835 1498,1866 1486,1866"/>
            <TextEquiv>
              <Unicode>.</Unicode>
            </TextEquiv>
          </Glyph>
          <Glyph id="c658">
            <Coords points="1530,1835 1544,1835 1544,1866 1530,1866"/>
            <TextEquiv>
              <Unicode>.</Unicode>
            </TextEquiv>
          </Glyph>
          <Glyph id="c659">
            <Coords points="1577,1835 1586,1835 1586,1866 1577,1866"/>
            <TextEquiv>
              <Unicode>.</Unicode>
            </TextEquiv>
          </Glyph>
          <TextEquiv>
            <Unicode>...</Unicode>
          </TextEquiv>
        </Word>
        <Word id="w238">
          <Coords points="1607,1835 1680,1835 1680,1866 1607,1866"/>
          <Glyph id="c660">
            <Coords points="1607,1835 1634,1835 1634,1866 1607,1866"/>
            <TextEquiv>
              <Unicode>H</Unicode>
            </TextEquiv>
          </Glyph>
          <Glyph id="c661">
            <Coords points="1639,1835 1650,1835 1650,1866 1639,1866"/>
            <TextEquiv>
              <Unicode>i</Unicode>
            </TextEquiv>
          </Glyph>
          <Glyph id="c662">
            <Coords points="1651,1835 1680,1835 1680,1866 1651,1866"/>
            <TextEquiv>
              <Unicode>m</Unicode>
            </TextEquiv>
          </Glyph>
          <TextEquiv>
            <Unicode>Him</Unicode>
          </TextEquiv>
        </Word>
        <Word id="w239">
          <Coords points="1692,1835 1781,1835 1781,1866 1692,1866"/>
          <Glyph id="c663">
            <Coords points="1692,1835 1708,1835 1708,1866 1692,1866"/>
            <TextEquiv>
              <Unicode>c</Unicode>
            </TextEquiv>
          </Glyph>
          <Glyph id="c664">
            <Coords points="1710,1835 1727,1835 1727,1866 1710,1866"/>
            <TextEquiv>
              <Unicode>o</Unicode>
            </TextEquiv>
          </Glyph>
          <Glyph id="c665">
            <Coords points="1731,1835 1761,1835 1761,1866 1731,1866"/>
            <TextEquiv>
              <Unicode>m</Unicode>
            </TextEquiv>
          </Glyph>
          <Glyph id="c666">
            <Coords points="1764,1835 1781,1835 1781,1866 1764,1866"/>
            <TextEquiv>
              <Unicode>e</Unicode>
            </TextEquiv>
          </Glyph>
          <TextEquiv>
            <Unicode>come</Unicode>
          </TextEquiv>
        </Word>
        <Word id="w240">
          <Coords points="1792,1835 1824,1835 1824,1866 1792,1866"/>
          <Glyph id="c667">
            <Coords points="1792,1835 1802,1835 1802,1866 1792,1866"/>
            <TextEquiv>
              <Unicode>i</Unicode>
            </TextEquiv>
          </Glyph>
          <Glyph id="c668">
            <Coords points="1804,1835 1824,1835 1824,1866 1804,1866"/>
            <TextEquiv>
              <Unicode>n</Unicode>
            </TextEquiv>
          </Glyph>
          <TextEquiv>
            <Unicode>in</Unicode>
          </TextEquiv>
        </Word>
        <Word id="w241">
          <Coords points="1828,1835 1836,1835 1836,1866 1828,1866"/>
          <Glyph id="c669">
            <Coords points="1828,1835 1836,1835 1836,1866 1828,1866"/>
            <TextEquiv>
              <Unicode>,</Unicode>
            </TextEquiv>
          </Glyph>
          <TextEquiv>
            <Unicode>,</Unicode>
          </TextEquiv>
        </Word>
        <TextEquiv>
          <Unicode/>
        </TextEquiv>
      </TextLine>
      <TextEquiv>
        <Unicode/>
      </TextEquiv>
    </TextRegion>
    <TextRegion id="r33">
      <Coords points="1400,2047 1560,2052 1558,2118 1398,2113"/>
      <TextLine id="l40">
        <Coords points="1398,2047 1560,2047 1560,2118 1398,2118"/>
        <Word id="w242">
          <Coords points="1400,2047 1560,2052 1558,2118 1398,2113"/>
          <Glyph id="c670">
            <Coords points="1400,2047 1447,2048 1445,2114 1398,2113"/>
            <TextEquiv>
              <Unicode>C</Unicode>
            </TextEquiv>
          </Glyph>
          <Glyph id="c671">
            <Coords points="1452,2048 1503,2049 1501,2115 1450,2114"/>
            <TextEquiv>
              <Unicode>E</Unicode>
            </TextEquiv>
          </Glyph>
          <Glyph id="c672">
            <Coords points="1514,2050 1560,2051 1558,2117 1512,2116"/>
            <TextEquiv>
              <Unicode>C</Unicode>
            </TextEquiv>
          </Glyph>
          <TextEquiv>
            <Unicode>CEC</Unicode>
          </TextEquiv>
        </Word>
        <TextEquiv>
          <Unicode/>
        </TextEquiv>
      </TextLine>
      <TextEquiv>
        <Unicode/>
      </TextEquiv>
    </TextRegion>
    <TextRegion id="r34">
      <Coords points="566,2128 2026,2128 2026,2165 566,2165"/>
      <TextLine id="l41">
        <Coords points="566,2128 2026,2128 2026,2165 566,2165"/>
        <Word id="w243">
          <Coords points="566,2128 618,2128 618,2165 566,2165"/>
          <Glyph id="c673">
            <Coords points="566,2128 595,2128 595,2165 566,2165"/>
            <TextEquiv>
              <Unicode>O</Unicode>
            </TextEquiv>
          </Glyph>
          <Glyph id="c674">
            <Coords points="598,2128 618,2128 618,2165 598,2165"/>
            <TextEquiv>
              <Unicode>h</Unicode>
            </TextEquiv>
          </Glyph>
          <TextEquiv>
            <Unicode>Oh</Unicode>
          </TextEquiv>
        </Word>
        <Word id="w244">
          <Coords points="623,2128 629,2128 629,2165 623,2165"/>
          <Glyph id="c675">
            <Coords points="623,2128 629,2128 629,2165 623,2165"/>
            <TextEquiv>
              <Unicode>,</Unicode>
            </TextEquiv>
          </Glyph>
          <TextEquiv>
            <Unicode>,</Unicode>
          </TextEquiv>
        </Word>
        <Word id="w245">
          <Coords points="649,2128 691,2128 691,2165 649,2165"/>
          <Glyph id="c676">
            <Coords points="649,2128 659,2128 659,2165 649,2165"/>
            <TextEquiv>
              <Unicode>l</Unicode>
            </TextEquiv>
          </Glyph>
          <Glyph id="c677">
            <Coords points="662,2128 677,2128 677,2165 662,2165"/>
            <TextEquiv>
              <Unicode>e</Unicode>
            </TextEquiv>
          </Glyph>
          <Glyph id="c678">
            <Coords points="678,2128 691,2128 691,2165 678,2165"/>
            <TextEquiv>
              <Unicode>t</Unicode>
            </TextEquiv>
          </Glyph>
          <TextEquiv>
            <Unicode>let</Unicode>
          </TextEquiv>
        </Word>
        <Word id="w246">
          <Coords points="706,2128 777,2128 777,2165 706,2165"/>
          <Glyph id="c679">
            <Coords points="706,2128 735,2128 735,2165 706,2165"/>
            <TextEquiv>
              <Unicode>H</Unicode>
            </TextEquiv>
          </Glyph>
          <Glyph id="c680">
            <Coords points="737,2128 747,2128 747,2165 737,2165"/>
            <TextEquiv>
              <Unicode>i</Unicode>
            </TextEquiv>
          </Glyph>
          <Glyph id="c681">
            <Coords points="751,2128 777,2128 777,2165 751,2165"/>
            <TextEquiv>
              <Unicode>m</Unicode>
            </TextEquiv>
          </Glyph>
          <TextEquiv>
            <Unicode>Him</Unicode>
          </TextEquiv>
        </Word>
        <Word id="w247">
          <Coords points="790,2128 870,2128 870,2165 790,2165"/>
          <Glyph id="c682">
            <Coords points="790,2128 805,2128 805,2165 790,2165"/>
            <TextEquiv>
              <Unicode>c</Unicode>
            </TextEquiv>
          </Glyph>
          <Glyph id="c683">
            <Coords points="806,2128 823,2128 823,2165 806,2165"/>
            <TextEquiv>
              <Unicode>o</Unicode>
            </TextEquiv>
          </Glyph>
          <Glyph id="c684">
            <Coords points="826,2128 852,2128 852,2165 826,2165"/>
            <TextEquiv>
              <Unicode>m</Unicode>
            </TextEquiv>
          </Glyph>
          <Glyph id="c685">
            <Coords points="855,2128 870,2128 870,2165 855,2165"/>
            <TextEquiv>
              <Unicode>e</Unicode>
            </TextEquiv>
          </Glyph>
          <TextEquiv>
            <Unicode>come</Unicode>
          </TextEquiv>
        </Word>
        <Word id="w248">
          <Coords points="883,2128 909,2128 909,2165 883,2165"/>
          <Glyph id="c686">
            <Coords points="883,2128 891,2128 891,2165 883,2165"/>
            <TextEquiv>
              <Unicode>i</Unicode>
            </TextEquiv>
          </Glyph>
          <Glyph id="c687">
            <Coords points="895,2128 909,2128 909,2165 895,2165"/>
            <TextEquiv>
              <Unicode>n</Unicode>
            </TextEquiv>
          </Glyph>
          <TextEquiv>
            <Unicode>in</Unicode>
          </TextEquiv>
        </Word>
        <Word id="w249">
          <Coords points="917,2128 923,2128 923,2165 917,2165"/>
          <Glyph id="c688">
            <Coords points="917,2128 923,2128 923,2165 917,2165"/>
            <TextEquiv>
              <Unicode>,</Unicode>
            </TextEquiv>
          </Glyph>
          <TextEquiv>
            <Unicode>,</Unicode>
          </TextEquiv>
        </Word>
        <Word id="w250">
          <Coords points="968,2128 1017,2128 1017,2165 968,2165"/>
          <Glyph id="c689">
            <Coords points="968,2128 996,2128 996,2165 968,2165"/>
            <TextEquiv>
              <Unicode>O</Unicode>
            </TextEquiv>
          </Glyph>
          <Glyph id="c690">
            <Coords points="999,2128 1017,2128 1017,2165 999,2165"/>
            <TextEquiv>
              <Unicode>h</Unicode>
            </TextEquiv>
          </Glyph>
          <TextEquiv>
            <Unicode>Oh</Unicode>
          </TextEquiv>
        </Word>
        <Word id="w251">
          <Coords points="1025,2128 1030,2128 1030,2165 1025,2165"/>
          <Glyph id="c691">
            <Coords points="1025,2128 1030,2128 1030,2165 1025,2165"/>
            <TextEquiv>
              <Unicode>,</Unicode>
            </TextEquiv>
          </Glyph>
          <TextEquiv>
            <Unicode>,</Unicode>
          </TextEquiv>
        </Word>
        <Word id="w252">
          <Coords points="1065,2128 1106,2128 1106,2165 1065,2165"/>
          <Glyph id="c692">
            <Coords points="1065,2128 1074,2128 1074,2165 1065,2165"/>
            <TextEquiv>
              <Unicode>l</Unicode>
            </TextEquiv>
          </Glyph>
          <Glyph id="c693">
            <Coords points="1078,2128 1092,2128 1092,2165 1078,2165"/>
            <TextEquiv>
              <Unicode>e</Unicode>
            </TextEquiv>
          </Glyph>
          <Glyph id="c694">
            <Coords points="1095,2128 1106,2128 1106,2165 1095,2165"/>
            <TextEquiv>
              <Unicode>t</Unicode>
            </TextEquiv>
          </Glyph>
          <TextEquiv>
            <Unicode>let</Unicode>
          </TextEquiv>
        </Word>
        <Word id="w253">
          <Coords points="1123,2128 1196,2128 1196,2165 1123,2165"/>
          <Glyph id="c695">
            <Coords points="1123,2128 1153,2128 1153,2165 1123,2165"/>
            <TextEquiv>
              <Unicode>H</Unicode>
            </TextEquiv>
          </Glyph>
          <Glyph id="c696">
            <Coords points="1156,2128 1166,2128 1166,2165 1156,2165"/>
            <TextEquiv>
              <Unicode>i</Unicode>
            </TextEquiv>
          </Glyph>
          <Glyph id="c697">
            <Coords points="1168,2128 1196,2128 1196,2165 1168,2165"/>
            <TextEquiv>
              <Unicode>m</Unicode>
            </TextEquiv>
          </Glyph>
          <TextEquiv>
            <Unicode>Him</Unicode>
          </TextEquiv>
        </Word>
        <Word id="w254">
          <Coords points="1207,2128 1289,2128 1289,2165 1207,2165"/>
          <Glyph id="c698">
            <Coords points="1207,2128 1222,2128 1222,2165 1207,2165"/>
            <TextEquiv>
              <Unicode>c</Unicode>
            </TextEquiv>
          </Glyph>
          <Glyph id="c699">
            <Coords points="1226,2128 1242,2128 1242,2165 1226,2165"/>
            <TextEquiv>
              <Unicode>o</Unicode>
            </TextEquiv>
          </Glyph>
          <Glyph id="c700">
            <Coords points="1245,2128 1269,2128 1269,2165 1245,2165"/>
            <TextEquiv>
              <Unicode>m</Unicode>
            </TextEquiv>
          </Glyph>
          <Glyph id="c701">
            <Coords points="1274,2128 1289,2128 1289,2165 1274,2165"/>
            <TextEquiv>
              <Unicode>e</Unicode>
            </TextEquiv>
          </Glyph>
          <TextEquiv>
            <Unicode>come</Unicode>
          </TextEquiv>
        </Word>
        <Word id="w255">
          <Coords points="1300,2128 1328,2128 1328,2165 1300,2165"/>
          <Glyph id="c702">
            <Coords points="1300,2128 1309,2128 1309,2165 1300,2165"/>
            <TextEquiv>
              <Unicode>i</Unicode>
            </TextEquiv>
          </Glyph>
          <Glyph id="c703">
            <Coords points="1312,2128 1328,2128 1328,2165 1312,2165"/>
            <TextEquiv>
              <Unicode>n</Unicode>
            </TextEquiv>
          </Glyph>
          <TextEquiv>
            <Unicode>in</Unicode>
          </TextEquiv>
        </Word>
        <Word id="w256">
          <Coords points="1335,2128 1340,2128 1340,2165 1335,2165"/>
          <Glyph id="c704">
            <Coords points="1335,2128 1340,2128 1340,2165 1335,2165"/>
            <TextEquiv>
              <Unicode>,</Unicode>
            </TextEquiv>
          </Glyph>
          <TextEquiv>
            <Unicode>,</Unicode>
          </TextEquiv>
        </Word>
        <Word id="w257">
          <Coords points="1348,2128 1396,2128 1396,2165 1348,2165"/>
          <Glyph id="c705">
            <Coords points="1348,2128 1376,2128 1376,2165 1348,2165"/>
            <TextEquiv>
              <Unicode>O</Unicode>
            </TextEquiv>
          </Glyph>
          <Glyph id="c706">
            <Coords points="1379,2128 1396,2128 1396,2165 1379,2165"/>
            <TextEquiv>
              <Unicode>h</Unicode>
            </TextEquiv>
          </Glyph>
          <TextEquiv>
            <Unicode>Oh</Unicode>
          </TextEquiv>
        </Word>
        <Word id="w258">
          <Coords points="1404,2128 1408,2128 1408,2165 1404,2165"/>
          <Glyph id="c707">
            <Coords points="1404,2128 1408,2128 1408,2165 1404,2165"/>
            <TextEquiv>
              <Unicode>,</Unicode>
            </TextEquiv>
          </Glyph>
          <TextEquiv>
            <Unicode>,</Unicode>
          </TextEquiv>
        </Word>
        <Word id="w259">
          <Coords points="1417,2128 1457,2128 1457,2165 1417,2165"/>
          <Glyph id="c708">
            <Coords points="1417,2128 1425,2128 1425,2165 1417,2165"/>
            <TextEquiv>
              <Unicode>l</Unicode>
            </TextEquiv>
          </Glyph>
          <Glyph id="c709">
            <Coords points="1427,2128 1442,2128 1442,2165 1427,2165"/>
            <TextEquiv>
              <Unicode>e</Unicode>
            </TextEquiv>
          </Glyph>
          <Glyph id="c710">
            <Coords points="1446,2128 1457,2128 1457,2165 1446,2165"/>
            <TextEquiv>
              <Unicode>t</Unicode>
            </TextEquiv>
          </Glyph>
          <TextEquiv>
            <Unicode>let</Unicode>
          </TextEquiv>
        </Word>
        <Word id="w260">
          <Coords points="1470,2128 1542,2128 1542,2165 1470,2165"/>
          <Glyph id="c711">
            <Coords points="1470,2128 1499,2128 1499,2165 1470,2165"/>
            <TextEquiv>
              <Unicode>H</Unicode>
            </TextEquiv>
          </Glyph>
          <Glyph id="c712">
            <Coords points="1504,2128 1513,2128 1513,2165 1504,2165"/>
            <TextEquiv>
              <Unicode>i</Unicode>
            </TextEquiv>
          </Glyph>
          <Glyph id="c713">
            <Coords points="1516,2128 1542,2128 1542,2165 1516,2165"/>
            <TextEquiv>
              <Unicode>m</Unicode>
            </TextEquiv>
          </Glyph>
          <TextEquiv>
            <Unicode>Him</Unicode>
          </TextEquiv>
        </Word>
        <Word id="w261">
          <Coords points="1554,2128 1634,2128 1634,2165 1554,2165"/>
          <Glyph id="c714">
            <Coords points="1554,2128 1569,2128 1569,2165 1554,2165"/>
            <TextEquiv>
              <Unicode>c</Unicode>
            </TextEquiv>
          </Glyph>
          <Glyph id="c715">
            <Coords points="1573,2128 1589,2128 1589,2165 1573,2165"/>
            <TextEquiv>
              <Unicode>o</Unicode>
            </TextEquiv>
          </Glyph>
          <Glyph id="c716">
            <Coords points="1592,2128 1616,2128 1616,2165 1592,2165"/>
            <TextEquiv>
              <Unicode>m</Unicode>
            </TextEquiv>
          </Glyph>
          <Glyph id="c717">
            <Coords points="1619,2128 1634,2128 1634,2165 1619,2165"/>
            <TextEquiv>
              <Unicode>e</Unicode>
            </TextEquiv>
          </Glyph>
          <TextEquiv>
            <Unicode>come</Unicode>
          </TextEquiv>
        </Word>
        <Word id="w262">
          <Coords points="1644,2128 1673,2128 1673,2165 1644,2165"/>
          <Glyph id="c718">
            <Coords points="1644,2128 1653,2128 1653,2165 1644,2165"/>
            <TextEquiv>
              <Unicode>i</Unicode>
            </TextEquiv>
          </Glyph>
          <Glyph id="c719">
            <Coords points="1657,2128 1673,2128 1673,2165 1657,2165"/>
            <TextEquiv>
              <Unicode>n</Unicode>
            </TextEquiv>
          </Glyph>
          <TextEquiv>
            <Unicode>in</Unicode>
          </TextEquiv>
        </Word>
        <Word id="w263">
          <Coords points="1679,2128 1684,2128 1684,2165 1679,2165"/>
          <Glyph id="c720">
            <Coords points="1679,2128 1684,2128 1684,2165 1679,2165"/>
            <TextEquiv>
              <Unicode>,</Unicode>
            </TextEquiv>
          </Glyph>
          <TextEquiv>
            <Unicode>,</Unicode>
          </TextEquiv>
        </Word>
        <Word id="w264">
          <Coords points="1693,2128 1742,2128 1742,2165 1693,2165"/>
          <Glyph id="c721">
            <Coords points="1693,2128 1721,2128 1721,2165 1693,2165"/>
            <TextEquiv>
              <Unicode>O</Unicode>
            </TextEquiv>
          </Glyph>
          <Glyph id="c722">
            <Coords points="1723,2128 1742,2128 1742,2165 1723,2165"/>
            <TextEquiv>
              <Unicode>h</Unicode>
            </TextEquiv>
          </Glyph>
          <TextEquiv>
            <Unicode>Oh</Unicode>
          </TextEquiv>
        </Word>
        <Word id="w265">
          <Coords points="1747,2128 1754,2128 1754,2165 1747,2165"/>
          <Glyph id="c723">
            <Coords points="1747,2128 1754,2128 1754,2165 1747,2165"/>
            <TextEquiv>
              <Unicode>,</Unicode>
            </TextEquiv>
          </Glyph>
          <TextEquiv>
            <Unicode>,</Unicode>
          </TextEquiv>
        </Word>
        <Word id="w266">
          <Coords points="1759,2128 1801,2128 1801,2165 1759,2165"/>
          <Glyph id="c724">
            <Coords points="1759,2128 1770,2128 1770,2165 1759,2165"/>
            <TextEquiv>
              <Unicode>l</Unicode>
            </TextEquiv>
          </Glyph>
          <Glyph id="c725">
            <Coords points="1771,2128 1786,2128 1786,2165 1771,2165"/>
            <TextEquiv>
              <Unicode>e</Unicode>
            </TextEquiv>
          </Glyph>
          <Glyph id="c726">
            <Coords points="1787,2128 1801,2128 1801,2165 1787,2165"/>
            <TextEquiv>
              <Unicode>t</Unicode>
            </TextEquiv>
          </Glyph>
          <TextEquiv>
            <Unicode>let</Unicode>
          </TextEquiv>
        </Word>
        <Word id="w267">
          <Coords points="1811,2128 1883,2128 1883,2165 1811,2165"/>
          <Glyph id="c727">
            <Coords points="1811,2128 1841,2128 1841,2165 1811,2165"/>
            <TextEquiv>
              <Unicode>H</Unicode>
            </TextEquiv>
          </Glyph>
          <Glyph id="c728">
            <Coords points="1842,2128 1854,2128 1854,2165 1842,2165"/>
            <TextEquiv>
              <Unicode>i</Unicode>
            </TextEquiv>
          </Glyph>
          <Glyph id="c729">
            <Coords points="1856,2128 1883,2128 1883,2165 1856,2165"/>
            <TextEquiv>
              <Unicode>m</Unicode>
            </TextEquiv>
          </Glyph>
          <TextEquiv>
            <Unicode>Him</Unicode>
          </TextEquiv>
        </Word>
        <Word id="w268">
          <Coords points="1890,2128 1971,2128 1971,2165 1890,2165"/>
          <Glyph id="c730">
            <Coords points="1890,2128 1906,2128 1906,2165 1890,2165"/>
            <TextEquiv>
              <Unicode>c</Unicode>
            </TextEquiv>
          </Glyph>
          <Glyph id="c731">
            <Coords points="1909,2128 1926,2128 1926,2165 1909,2165"/>
            <TextEquiv>
              <Unicode>o</Unicode>
            </TextEquiv>
          </Glyph>
          <Glyph id="c732">
            <Coords points="1926,2128 1953,2128 1953,2165 1926,2165"/>
            <TextEquiv>
              <Unicode>m</Unicode>
            </TextEquiv>
          </Glyph>
          <Glyph id="c733">
            <Coords points="1954,2128 1971,2128 1971,2165 1954,2165"/>
            <TextEquiv>
              <Unicode>e</Unicode>
            </TextEquiv>
          </Glyph>
          <TextEquiv>
            <Unicode>come</Unicode>
          </TextEquiv>
        </Word>
        <Word id="w269">
          <Coords points="1977,2128 2007,2128 2007,2165 1977,2165"/>
          <Glyph id="c734">
            <Coords points="1977,2128 1989,2128 1989,2165 1977,2165"/>
            <TextEquiv>
              <Unicode>i</Unicode>
            </TextEquiv>
          </Glyph>
          <Glyph id="c735">
            <Coords points="1989,2128 2007,2128 2007,2165 1989,2165"/>
            <TextEquiv>
              <Unicode>n</Unicode>
            </TextEquiv>
          </Glyph>
          <TextEquiv>
            <Unicode>in</Unicode>
          </TextEquiv>
        </Word>
        <Word id="w270">
          <Coords points="2018,2128 2026,2128 2026,2165 2018,2165"/>
          <Glyph id="c736">
            <Coords points="2018,2128 2026,2128 2026,2165 2018,2165"/>
            <TextEquiv>
              <Unicode>;</Unicode>
            </TextEquiv>
          </Glyph>
          <TextEquiv>
            <Unicode>;</Unicode>
          </TextEquiv>
        </Word>
        <TextEquiv>
          <Unicode/>
        </TextEquiv>
      </TextLine>
      <TextEquiv>
        <Unicode/>
      </TextEquiv>
    </TextRegion>
    <TextRegion id="r35">
      <Coords points="1294,2451 1796,2454 1796,2482 1294,2479"/>
      <TextLine id="l42">
        <Coords points="1294,2452 1796,2452 1796,2481 1294,2481"/>
        <Word id="w271">
          <Coords points="1294,2452 1341,2452 1341,2479 1294,2479"/>
          <Glyph id="c737">
            <Coords points="1294,2452 1306,2452 1306,2479 1294,2479"/>
            <TextEquiv>
              <Unicode>l</Unicode>
            </TextEquiv>
          </Glyph>
          <Glyph id="c738">
            <Coords points="1308,2452 1324,2452 1324,2479 1308,2479"/>
            <TextEquiv>
              <Unicode>e</Unicode>
            </TextEquiv>
          </Glyph>
          <Glyph id="c739">
            <Coords points="1327,2452 1341,2452 1341,2479 1327,2479"/>
            <TextEquiv>
              <Unicode>t</Unicode>
            </TextEquiv>
          </Glyph>
          <TextEquiv>
            <Unicode>let</Unicode>
          </TextEquiv>
        </Word>
        <Word id="w272">
          <Coords points="1353,2452 1408,2452 1408,2479 1353,2479"/>
          <Glyph id="c740">
            <Coords points="1353,2452 1365,2452 1365,2479 1353,2479"/>
            <TextEquiv>
              <Unicode>t</Unicode>
            </TextEquiv>
          </Glyph>
          <Glyph id="c741">
            <Coords points="1369,2452 1388,2452 1388,2479 1369,2479"/>
            <TextEquiv>
              <Unicode>h</Unicode>
            </TextEquiv>
          </Glyph>
          <Glyph id="c742">
            <Coords points="1392,2452 1408,2452 1408,2479 1392,2479"/>
            <TextEquiv>
              <Unicode>e</Unicode>
            </TextEquiv>
          </Glyph>
          <TextEquiv>
            <Unicode>the</Unicode>
          </TextEquiv>
        </Word>
        <Word id="w273">
          <Coords points="1420,2452 1497,2452 1497,2480 1420,2480"/>
          <Glyph id="c743">
            <Coords points="1420,2452 1438,2452 1438,2479 1420,2479"/>
            <TextEquiv>
              <Unicode>d</Unicode>
            </TextEquiv>
          </Glyph>
          <Glyph id="c744">
            <Coords points="1441,2452 1457,2452 1457,2479 1441,2479"/>
            <TextEquiv>
              <Unicode>e</Unicode>
            </TextEquiv>
          </Glyph>
          <Glyph id="c745">
            <Coords points="1462,2452 1480,2452 1480,2479 1462,2479"/>
            <TextEquiv>
              <Unicode>a</Unicode>
            </TextEquiv>
          </Glyph>
          <Glyph id="c746">
            <Coords points="1482,2453 1497,2453 1497,2480 1482,2480"/>
            <TextEquiv>
              <Unicode>r</Unicode>
            </TextEquiv>
          </Glyph>
          <TextEquiv>
            <Unicode>dear</Unicode>
          </TextEquiv>
        </Word>
        <Word id="w274">
          <Coords points="1507,2452 1642,2453 1642,2481 1507,2480"/>
          <Glyph id="c747">
            <Coords points="1507,2453 1525,2453 1525,2480 1507,2480"/>
            <TextEquiv>
              <Unicode>S</Unicode>
            </TextEquiv>
          </Glyph>
          <Glyph id="c748">
            <Coords points="1530,2453 1548,2453 1548,2480 1530,2480"/>
            <TextEquiv>
              <Unicode>a</Unicode>
            </TextEquiv>
          </Glyph>
          <Glyph id="c749">
            <Coords points="1550,2453 1567,2453 1567,2480 1550,2480"/>
            <TextEquiv>
              <Unicode>v</Unicode>
            </TextEquiv>
          </Glyph>
          <Glyph id="c750">
            <Coords points="1572,2453 1582,2453 1582,2480 1572,2480"/>
            <TextEquiv>
              <Unicode>i</Unicode>
            </TextEquiv>
          </Glyph>
          <Glyph id="c751">
            <Coords points="1585,2453 1602,2453 1602,2480 1585,2480"/>
            <TextEquiv>
              <Unicode>o</Unicode>
            </TextEquiv>
          </Glyph>
          <Glyph id="c752">
            <Coords points="1605,2453 1623,2453 1623,2480 1605,2480"/>
            <TextEquiv>
              <Unicode>u</Unicode>
            </TextEquiv>
          </Glyph>
          <Glyph id="c753">
            <Coords points="1628,2453 1642,2453 1642,2480 1628,2480"/>
            <TextEquiv>
              <Unicode>r</Unicode>
            </TextEquiv>
          </Glyph>
          <TextEquiv>
            <Unicode>Saviour</Unicode>
          </TextEquiv>
        </Word>
        <Word id="w275">
          <Coords points="1654,2453 1745,2453 1745,2481 1654,2481"/>
          <Glyph id="c754">
            <Coords points="1654,2453 1669,2453 1669,2480 1654,2480"/>
            <TextEquiv>
              <Unicode>c</Unicode>
            </TextEquiv>
          </Glyph>
          <Glyph id="c755">
            <Coords points="1673,2454 1690,2454 1690,2481 1673,2481"/>
            <TextEquiv>
              <Unicode>o</Unicode>
            </TextEquiv>
          </Glyph>
          <Glyph id="c756">
            <Coords points="1692,2454 1721,2454 1721,2481 1692,2481"/>
            <TextEquiv>
              <Unicode>m</Unicode>
            </TextEquiv>
          </Glyph>
          <Glyph id="c757">
            <Coords points="1727,2454 1745,2454 1745,2481 1727,2481"/>
            <TextEquiv>
              <Unicode>e</Unicode>
            </TextEquiv>
          </Glyph>
          <TextEquiv>
            <Unicode>come</Unicode>
          </TextEquiv>
        </Word>
        <Word id="w276">
          <Coords points="1753,2454 1784,2454 1784,2481 1753,2481"/>
          <Glyph id="c758">
            <Coords points="1753,2454 1763,2454 1763,2481 1753,2481"/>
            <TextEquiv>
              <Unicode>i</Unicode>
            </TextEquiv>
          </Glyph>
          <Glyph id="c759">
            <Coords points="1764,2454 1784,2454 1784,2481 1764,2481"/>
            <TextEquiv>
              <Unicode>n</Unicode>
            </TextEquiv>
          </Glyph>
          <TextEquiv>
            <Unicode>in</Unicode>
          </TextEquiv>
        </Word>
        <Word id="w277">
          <Coords points="1789,2454 1796,2454 1796,2481 1789,2481"/>
          <Glyph id="c760">
            <Coords points="1789,2454 1796,2454 1796,2481 1789,2481"/>
            <TextEquiv>
              <Unicode>.</Unicode>
            </TextEquiv>
          </Glyph>
          <TextEquiv>
            <Unicode>.</Unicode>
          </TextEquiv>
        </Word>
        <TextEquiv>
          <Unicode/>
        </TextEquiv>
      </TextLine>
      <TextEquiv>
        <Unicode/>
      </TextEquiv>
    </TextRegion>
    <TextRegion id="r36">
      <Coords points="1199,2552 1276,2555 1271,2663 1194,2660"/>
      <TextLine id="l43">
        <Coords points="1194,2552 1276,2552 1276,2663 1194,2663"/>
        <Word id="w278">
          <Coords points="1199,2552 1276,2555 1271,2663 1194,2660"/>
          <Glyph id="c761">
            <Coords points="1199,2552 1276,2555 1271,2663 1194,2660"/>
            <TextEquiv>
              <Unicode>J</Unicode>
            </TextEquiv>
          </Glyph>
          <TextEquiv>
            <Unicode>J</Unicode>
          </TextEquiv>
        </Word>
        <TextEquiv>
          <Unicode/>
        </TextEquiv>
      </TextLine>
      <TextEquiv>
        <Unicode/>
      </TextEquiv>
    </TextRegion>
    <TextRegion id="r37">
      <Coords points="550,2720 2000,2724 2000,2764 550,2760"/>
      <TextLine id="l44">
        <Coords points="550,2721 2000,2721 2000,2762 550,2762"/>
        <Word id="w279">
          <Coords points="550,2721 636,2721 636,2759 550,2759"/>
          <Glyph id="c762">
            <Coords points="550,2721 580,2721 580,2759 550,2759"/>
            <TextEquiv>
              <Unicode>K</Unicode>
            </TextEquiv>
          </Glyph>
          <Glyph id="c763">
            <Coords points="583,2721 599,2721 599,2759 583,2759"/>
            <TextEquiv>
              <Unicode>e</Unicode>
            </TextEquiv>
          </Glyph>
          <Glyph id="c764">
            <Coords points="600,2721 616,2721 616,2759 600,2759"/>
            <TextEquiv>
              <Unicode>e</Unicode>
            </TextEquiv>
          </Glyph>
          <Glyph id="c765">
            <Coords points="618,2721 636,2721 636,2759 618,2759"/>
            <TextEquiv>
              <Unicode>p</Unicode>
            </TextEquiv>
          </Glyph>
          <TextEquiv>
            <Unicode>Keep</Unicode>
          </TextEquiv>
        </Word>
        <Word id="w280">
          <Coords points="649,2721 719,2721 719,2759 649,2759"/>
          <Glyph id="c766">
            <Coords points="649,2721 678,2721 678,2759 649,2759"/>
            <TextEquiv>
              <Unicode>H</Unicode>
            </TextEquiv>
          </Glyph>
          <Glyph id="c767">
            <Coords points="680,2721 690,2721 690,2759 680,2759"/>
            <TextEquiv>
              <Unicode>i</Unicode>
            </TextEquiv>
          </Glyph>
          <Glyph id="c768">
            <Coords points="693,2721 719,2721 719,2759 693,2759"/>
            <TextEquiv>
              <Unicode>m</Unicode>
            </TextEquiv>
          </Glyph>
          <TextEquiv>
            <Unicode>Him</Unicode>
          </TextEquiv>
        </Word>
        <Word id="w281">
          <Coords points="730,2721 765,2721 765,2759 730,2759"/>
          <Glyph id="c769">
            <Coords points="730,2721 746,2721 746,2759 730,2759"/>
            <TextEquiv>
              <Unicode>n</Unicode>
            </TextEquiv>
          </Glyph>
          <Glyph id="c770">
            <Coords points="750,2721 765,2721 765,2759 750,2759"/>
            <TextEquiv>
              <Unicode>o</Unicode>
            </TextEquiv>
          </Glyph>
          <TextEquiv>
            <Unicode>no</Unicode>
          </TextEquiv>
        </Word>
        <Word id="w282">
          <Coords points="776,2721 855,2721 855,2760 776,2760"/>
          <Glyph id="c771">
            <Coords points="776,2721 802,2721 802,2759 776,2759"/>
            <TextEquiv>
              <Unicode>m</Unicode>
            </TextEquiv>
          </Glyph>
          <Glyph id="c772">
            <Coords points="805,2721 820,2721 820,2759 805,2759"/>
            <TextEquiv>
              <Unicode>o</Unicode>
            </TextEquiv>
          </Glyph>
          <Glyph id="c773">
            <Coords points="824,2722 836,2722 836,2760 824,2760"/>
            <TextEquiv>
              <Unicode>r</Unicode>
            </TextEquiv>
          </Glyph>
          <Glyph id="c774">
            <Coords points="840,2722 855,2722 855,2760 840,2760"/>
            <TextEquiv>
              <Unicode>e</Unicode>
            </TextEquiv>
          </Glyph>
          <TextEquiv>
            <Unicode>more</Unicode>
          </TextEquiv>
        </Word>
        <Word id="w283">
          <Coords points="868,2722 919,2722 919,2760 868,2760"/>
          <Glyph id="c775">
            <Coords points="868,2722 884,2722 884,2760 868,2760"/>
            <TextEquiv>
              <Unicode>o</Unicode>
            </TextEquiv>
          </Glyph>
          <Glyph id="c776">
            <Coords points="887,2722 903,2722 903,2760 887,2760"/>
            <TextEquiv>
              <Unicode>u</Unicode>
            </TextEquiv>
          </Glyph>
          <Glyph id="c777">
            <Coords points="907,2722 919,2722 919,2760 907,2760"/>
            <TextEquiv>
              <Unicode>t</Unicode>
            </TextEquiv>
          </Glyph>
          <TextEquiv>
            <Unicode>out</Unicode>
          </TextEquiv>
        </Word>
        <Word id="w284">
          <Coords points="921,2722 931,2722 931,2760 921,2760"/>
          <Glyph id="c778">
            <Coords points="921,2722 931,2722 931,2760 921,2760"/>
            <TextEquiv>
              <Unicode>-</Unicode>
            </TextEquiv>
          </Glyph>
          <TextEquiv>
            <Unicode>-</Unicode>
          </TextEquiv>
        </Word>
        <Word id="w285">
          <Coords points="936,2722 1000,2722 1000,2760 936,2760"/>
          <Glyph id="c779">
            <Coords points="936,2722 950,2722 950,2760 936,2760"/>
            <TextEquiv>
              <Unicode>s</Unicode>
            </TextEquiv>
          </Glyph>
          <Glyph id="c780">
            <Coords points="953,2722 962,2722 962,2760 953,2760"/>
            <TextEquiv>
              <Unicode>i</Unicode>
            </TextEquiv>
          </Glyph>
          <Glyph id="c781">
            <Coords points="964,2722 980,2722 980,2760 964,2760"/>
            <TextEquiv>
              <Unicode>d</Unicode>
            </TextEquiv>
          </Glyph>
          <Glyph id="c782">
            <Coords points="985,2722 1000,2722 1000,2760 985,2760"/>
            <TextEquiv>
              <Unicode>e</Unicode>
            </TextEquiv>
          </Glyph>
          <TextEquiv>
            <Unicode>side</Unicode>
          </TextEquiv>
        </Word>
        <Word id="w286">
          <Coords points="1037,2722 1089,2722 1089,2760 1037,2760"/>
          <Glyph id="c783">
            <Coords points="1037,2722 1049,2722 1049,2760 1037,2760"/>
            <TextEquiv>
              <Unicode>t</Unicode>
            </TextEquiv>
          </Glyph>
          <Glyph id="c784">
            <Coords points="1054,2722 1071,2722 1071,2760 1054,2760"/>
            <TextEquiv>
              <Unicode>h</Unicode>
            </TextEquiv>
          </Glyph>
          <Glyph id="c785">
            <Coords points="1076,2722 1089,2722 1089,2760 1076,2760"/>
            <TextEquiv>
              <Unicode>e</Unicode>
            </TextEquiv>
          </Glyph>
          <TextEquiv>
            <Unicode>the</Unicode>
          </TextEquiv>
        </Word>
        <Word id="w287">
          <Coords points="1105,2723 1176,2723 1176,2761 1105,2761"/>
          <Glyph id="c786">
            <Coords points="1105,2723 1120,2723 1120,2761 1105,2761"/>
            <TextEquiv>
              <Unicode>d</Unicode>
            </TextEquiv>
          </Glyph>
          <Glyph id="c787">
            <Coords points="1126,2723 1140,2723 1140,2761 1126,2761"/>
            <TextEquiv>
              <Unicode>o</Unicode>
            </TextEquiv>
          </Glyph>
          <Glyph id="c788">
            <Coords points="1145,2723 1159,2723 1159,2761 1145,2761"/>
            <TextEquiv>
              <Unicode>o</Unicode>
            </TextEquiv>
          </Glyph>
          <Glyph id="c789">
            <Coords points="1163,2723 1176,2723 1176,2761 1163,2761"/>
            <TextEquiv>
              <Unicode>r</Unicode>
            </TextEquiv>
          </Glyph>
          <TextEquiv>
            <Unicode>door</Unicode>
          </TextEquiv>
        </Word>
        <Word id="w288">
          <Coords points="1183,2723 1188,2723 1188,2761 1183,2761"/>
          <Glyph id="c790">
            <Coords points="1183,2723 1188,2723 1188,2761 1183,2761"/>
            <TextEquiv>
              <Unicode>,</Unicode>
            </TextEquiv>
          </Glyph>
          <TextEquiv>
            <Unicode>,</Unicode>
          </TextEquiv>
        </Word>
        <Word id="w289">
          <Coords points="1197,2723 1259,2723 1259,2761 1197,2761"/>
          <Glyph id="c791">
            <Coords points="1197,2723 1223,2723 1223,2761 1197,2761"/>
            <TextEquiv>
              <Unicode>B</Unicode>
            </TextEquiv>
          </Glyph>
          <Glyph id="c792">
            <Coords points="1227,2723 1244,2723 1244,2761 1227,2761"/>
            <TextEquiv>
              <Unicode>u</Unicode>
            </TextEquiv>
          </Glyph>
          <Glyph id="c793">
            <Coords points="1248,2723 1259,2723 1259,2761 1248,2761"/>
            <TextEquiv>
              <Unicode>t</Unicode>
            </TextEquiv>
          </Glyph>
          <TextEquiv>
            <Unicode>But</Unicode>
          </TextEquiv>
        </Word>
        <Word id="w290">
          <Coords points="1282,2723 1324,2723 1324,2761 1282,2761"/>
          <Glyph id="c794">
            <Coords points="1282,2723 1291,2723 1291,2761 1282,2761"/>
            <TextEquiv>
              <Unicode>l</Unicode>
            </TextEquiv>
          </Glyph>
          <Glyph id="c795">
            <Coords points="1295,2723 1309,2723 1309,2761 1295,2761"/>
            <TextEquiv>
              <Unicode>e</Unicode>
            </TextEquiv>
          </Glyph>
          <Glyph id="c796">
            <Coords points="1311,2723 1324,2723 1324,2761 1311,2761"/>
            <TextEquiv>
              <Unicode>t</Unicode>
            </TextEquiv>
          </Glyph>
          <TextEquiv>
            <Unicode>let</Unicode>
          </TextEquiv>
        </Word>
        <Word id="w291">
          <Coords points="1336,2723 1407,2723 1407,2762 1336,2762"/>
          <Glyph id="c797">
            <Coords points="1336,2723 1364,2723 1364,2761 1336,2761"/>
            <TextEquiv>
              <Unicode>H</Unicode>
            </TextEquiv>
          </Glyph>
          <Glyph id="c798">
            <Coords points="1367,2723 1379,2723 1379,2761 1367,2761"/>
            <TextEquiv>
              <Unicode>i</Unicode>
            </TextEquiv>
          </Glyph>
          <Glyph id="c799">
            <Coords points="1381,2724 1407,2724 1407,2762 1381,2762"/>
            <TextEquiv>
              <Unicode>m</Unicode>
            </TextEquiv>
          </Glyph>
          <TextEquiv>
            <Unicode>Him</Unicode>
          </TextEquiv>
        </Word>
        <Word id="w292">
          <Coords points="1415,2724 1496,2724 1496,2762 1415,2762"/>
          <Glyph id="c800">
            <Coords points="1415,2724 1431,2724 1431,2762 1415,2762"/>
            <TextEquiv>
              <Unicode>c</Unicode>
            </TextEquiv>
          </Glyph>
          <Glyph id="c801">
            <Coords points="1433,2724 1450,2724 1450,2762 1433,2762"/>
            <TextEquiv>
              <Unicode>o</Unicode>
            </TextEquiv>
          </Glyph>
          <Glyph id="c802">
            <Coords points="1453,2724 1477,2724 1477,2762 1453,2762"/>
            <TextEquiv>
              <Unicode>m</Unicode>
            </TextEquiv>
          </Glyph>
          <Glyph id="c803">
            <Coords points="1480,2724 1496,2724 1496,2762 1480,2762"/>
            <TextEquiv>
              <Unicode>e</Unicode>
            </TextEquiv>
          </Glyph>
          <TextEquiv>
            <Unicode>come</Unicode>
          </TextEquiv>
        </Word>
        <Word id="w293">
          <Coords points="1511,2724 1541,2724 1541,2762 1511,2762"/>
          <Glyph id="c804">
            <Coords points="1511,2724 1522,2724 1522,2762 1511,2762"/>
            <TextEquiv>
              <Unicode>i</Unicode>
            </TextEquiv>
          </Glyph>
          <Glyph id="c805">
            <Coords points="1523,2724 1541,2724 1541,2762 1523,2762"/>
            <TextEquiv>
              <Unicode>n</Unicode>
            </TextEquiv>
          </Glyph>
          <TextEquiv>
            <Unicode>in</Unicode>
          </TextEquiv>
        </Word>
        <Word id="w294">
          <Coords points="1546,2724 1554,2724 1554,2762 1546,2762"/>
          <Glyph id="c806">
            <Coords points="1546,2724 1554,2724 1554,2762 1546,2762"/>
            <TextEquiv>
              <Unicode>,</Unicode>
            </TextEquiv>
          </Glyph>
          <TextEquiv>
            <Unicode>,</Unicode>
          </TextEquiv>
        </Word>
        <Word id="w295">
          <Coords points="1647,2726 1686,2726 1686,2758 1647,2758"/>
          <Glyph id="c807">
            <Coords points="1647,2726 1663,2726 1663,2758 1647,2758"/>
            <TextEquiv>
              <Unicode>o</Unicode>
            </TextEquiv>
          </Glyph>
          <Glyph id="c808">
            <Coords points="1667,2726 1686,2726 1686,2758 1667,2758"/>
            <TextEquiv>
              <Unicode>h</Unicode>
            </TextEquiv>
          </Glyph>
          <TextEquiv>
            <Unicode>oh</Unicode>
          </TextEquiv>
        </Word>
        <Word id="w296">
          <Coords points="1691,2726 1698,2726 1698,2758 1691,2758"/>
          <Glyph id="c809">
            <Coords points="1691,2726 1698,2726 1698,2758 1691,2758"/>
            <TextEquiv>
              <Unicode>,</Unicode>
            </TextEquiv>
          </Glyph>
          <TextEquiv>
            <Unicode>,</Unicode>
          </TextEquiv>
        </Word>
        <Word id="w297">
          <Coords points="1733,2726 1775,2726 1775,2758 1733,2758"/>
          <Glyph id="c810">
            <Coords points="1733,2726 1743,2726 1743,2758 1733,2758"/>
            <TextEquiv>
              <Unicode>l</Unicode>
            </TextEquiv>
          </Glyph>
          <Glyph id="c811">
            <Coords points="1745,2726 1760,2726 1760,2758 1745,2758"/>
            <TextEquiv>
              <Unicode>e</Unicode>
            </TextEquiv>
          </Glyph>
          <Glyph id="c812">
            <Coords points="1763,2726 1775,2726 1775,2758 1763,2758"/>
            <TextEquiv>
              <Unicode>t</Unicode>
            </TextEquiv>
          </Glyph>
          <TextEquiv>
            <Unicode>let</Unicode>
          </TextEquiv>
        </Word>
        <Word id="w298">
          <Coords points="1788,2726 1858,2726 1858,2758 1788,2758"/>
          <Glyph id="c813">
            <Coords points="1788,2726 1818,2726 1818,2758 1788,2758"/>
            <TextEquiv>
              <Unicode>H</Unicode>
            </TextEquiv>
          </Glyph>
          <Glyph id="c814">
            <Coords points="1821,2726 1830,2726 1830,2758 1821,2758"/>
            <TextEquiv>
              <Unicode>i</Unicode>
            </TextEquiv>
          </Glyph>
          <Glyph id="c815">
            <Coords points="1834,2726 1858,2726 1858,2758 1834,2758"/>
            <TextEquiv>
              <Unicode>m</Unicode>
            </TextEquiv>
          </Glyph>
          <TextEquiv>
            <Unicode>Him</Unicode>
          </TextEquiv>
        </Word>
        <Word id="w299">
          <Coords points="1868,2726 1950,2726 1950,2758 1868,2758"/>
          <Glyph id="c816">
            <Coords points="1868,2726 1883,2726 1883,2758 1868,2758"/>
            <TextEquiv>
              <Unicode>c</Unicode>
            </TextEquiv>
          </Glyph>
          <Glyph id="c817">
            <Coords points="1887,2726 1904,2726 1904,2758 1887,2758"/>
            <TextEquiv>
              <Unicode>o</Unicode>
            </TextEquiv>
          </Glyph>
          <Glyph id="c818">
            <Coords points="1906,2726 1931,2726 1931,2758 1906,2758"/>
            <TextEquiv>
              <Unicode>m</Unicode>
            </TextEquiv>
          </Glyph>
          <Glyph id="c819">
            <Coords points="1934,2726 1950,2726 1950,2758 1934,2758"/>
            <TextEquiv>
              <Unicode>e</Unicode>
            </TextEquiv>
          </Glyph>
          <TextEquiv>
            <Unicode>come</Unicode>
          </TextEquiv>
        </Word>
        <Word id="w300">
          <Coords points="1959,2726 1987,2726 1987,2758 1959,2758"/>
          <Glyph id="c820">
            <Coords points="1959,2726 1969,2726 1969,2758 1959,2758"/>
            <TextEquiv>
              <Unicode>i</Unicode>
            </TextEquiv>
          </Glyph>
          <Glyph id="c821">
            <Coords points="1971,2726 1987,2726 1987,2758 1971,2758"/>
            <TextEquiv>
              <Unicode>n</Unicode>
            </TextEquiv>
          </Glyph>
          <TextEquiv>
            <Unicode>in</Unicode>
          </TextEquiv>
        </Word>
        <Word id="w301">
          <Coords points="1993,2726 2000,2726 2000,2758 1993,2758"/>
          <Glyph id="c822">
            <Coords points="1993,2726 2000,2726 2000,2758 1993,2758"/>
            <TextEquiv>
              <Unicode>.</Unicode>
            </TextEquiv>
          </Glyph>
          <TextEquiv>
            <Unicode>.</Unicode>
          </TextEquiv>
        </Word>
        <TextEquiv>
          <Unicode/>
        </TextEquiv>
      </TextLine>
      <TextEquiv>
        <Unicode/>
      </TextEquiv>
    </TextRegion>
    <TextRegion id="r38">
      <Coords points="1920,2830 2051,2833 2048,2964 1917,2961"/>
      <TextLine id="l45">
        <Coords points="1917,2830 2051,2830 2051,2964 1917,2964"/>
        <Word id="w302">
          <Coords points="1920,2830 2051,2833 2048,2964 1917,2961"/>
          <Glyph id="c823">
            <Coords points="1920,2830 2051,2833 2048,2964 1917,2961"/>
            <TextEquiv>
              <Unicode></Unicode>
            </TextEquiv>
          </Glyph>
          <TextEquiv>
            <Unicode></Unicode>
          </TextEquiv>
        </Word>
        <TextEquiv>
          <Unicode/>
        </TextEquiv>
      </TextLine>
      <TextEquiv>
        <Unicode/>
      </TextEquiv>
    </TextRegion>
    <TextRegion id="r39">
      <Coords points="1874,1857 1884,1857 1884,1863 1874,1863"/>
      <TextLine id="l46">
        <Coords points="1874,1857 1884,1857 1884,1863 1874,1863"/>
        <Word id="w303">
          <Coords points="1874,1857 1884,1857 1884,1863 1874,1863"/>
          <Glyph id="c824">
            <Coords points="1874,1857 1884,1857 1884,1863 1874,1863"/>
            <TextEquiv>
              <Unicode></Unicode>
            </TextEquiv>
          </Glyph>
          <TextEquiv>
            <Unicode></Unicode>
          </TextEquiv>
        </Word>
        <TextEquiv>
          <Unicode/>
        </TextEquiv>
      </TextLine>
      <TextEquiv>
        <Unicode/>
      </TextEquiv>
    </TextRegion>
    <TextRegion id="r40">
      <Coords points="1280,3000 1788,3004 1788,3032 1280,3028"/>
      <TextLine id="l47">
        <Coords points="1280,3001 1788,3001 1788,3032 1280,3032"/>
        <Word id="w304">
          <Coords points="1280,3001 1328,3001 1328,3028 1280,3028"/>
          <Glyph id="c825">
            <Coords points="1280,3001 1293,3001 1293,3028 1280,3028"/>
            <TextEquiv>
              <Unicode>l</Unicode>
            </TextEquiv>
          </Glyph>
          <Glyph id="c826">
            <Coords points="1294,3001 1310,3001 1310,3028 1294,3028"/>
            <TextEquiv>
              <Unicode>e</Unicode>
            </TextEquiv>
          </Glyph>
          <Glyph id="c827">
            <Coords points="1313,3001 1328,3001 1328,3028 1313,3028"/>
            <TextEquiv>
              <Unicode>t</Unicode>
            </TextEquiv>
          </Glyph>
          <TextEquiv>
            <Unicode>let</Unicode>
          </TextEquiv>
        </Word>
        <Word id="w305">
          <Coords points="1345,3001 1400,3001 1400,3028 1345,3028"/>
          <Glyph id="c828">
            <Coords points="1345,3001 1358,3001 1358,3028 1345,3028"/>
            <TextEquiv>
              <Unicode>t</Unicode>
            </TextEquiv>
          </Glyph>
          <Glyph id="c829">
            <Coords points="1359,3001 1378,3001 1378,3028 1359,3028"/>
            <TextEquiv>
              <Unicode>h</Unicode>
            </TextEquiv>
          </Glyph>
          <Glyph id="c830">
            <Coords points="1383,3001 1400,3001 1400,3028 1383,3028"/>
            <TextEquiv>
              <Unicode>e</Unicode>
            </TextEquiv>
          </Glyph>
          <TextEquiv>
            <Unicode>the</Unicode>
          </TextEquiv>
        </Word>
        <Word id="w306">
          <Coords points="1410,3001 1489,3002 1489,3030 1410,3029"/>
          <Glyph id="c831">
            <Coords points="1410,3001 1428,3001 1428,3028 1410,3028"/>
            <TextEquiv>
              <Unicode>d</Unicode>
            </TextEquiv>
          </Glyph>
          <Glyph id="c832">
            <Coords points="1432,3002 1448,3002 1448,3029 1432,3029"/>
            <TextEquiv>
              <Unicode>e</Unicode>
            </TextEquiv>
          </Glyph>
          <Glyph id="c833">
            <Coords points="1452,3002 1470,3002 1470,3029 1452,3029"/>
            <TextEquiv>
              <Unicode>a</Unicode>
            </TextEquiv>
          </Glyph>
          <Glyph id="c834">
            <Coords points="1474,3002 1489,3002 1489,3029 1474,3029"/>
            <TextEquiv>
              <Unicode>r</Unicode>
            </TextEquiv>
          </Glyph>
          <TextEquiv>
            <Unicode>dear</Unicode>
          </TextEquiv>
        </Word>
        <Word id="w307">
          <Coords points="1498,3002 1632,3003 1632,3031 1498,3030"/>
          <Glyph id="c835">
            <Coords points="1498,3002 1515,3002 1515,3029 1498,3029"/>
            <TextEquiv>
              <Unicode>S</Unicode>
            </TextEquiv>
          </Glyph>
          <Glyph id="c836">
            <Coords points="1520,3002 1538,3002 1538,3029 1520,3029"/>
            <TextEquiv>
              <Unicode>a</Unicode>
            </TextEquiv>
          </Glyph>
          <Glyph id="c837">
            <Coords points="1541,3002 1558,3002 1558,3029 1541,3029"/>
            <TextEquiv>
              <Unicode>v</Unicode>
            </TextEquiv>
          </Glyph>
          <Glyph id="c838">
            <Coords points="1561,3003 1571,3003 1571,3030 1561,3030"/>
            <TextEquiv>
              <Unicode>i</Unicode>
            </TextEquiv>
          </Glyph>
          <Glyph id="c839">
            <Coords points="1575,3003 1591,3003 1591,3030 1575,3030"/>
            <TextEquiv>
              <Unicode>o</Unicode>
            </TextEquiv>
          </Glyph>
          <Glyph id="c840">
            <Coords points="1596,3003 1614,3003 1614,3030 1596,3030"/>
            <TextEquiv>
              <Unicode>u</Unicode>
            </TextEquiv>
          </Glyph>
          <Glyph id="c841">
            <Coords points="1618,3003 1632,3003 1632,3030 1618,3030"/>
            <TextEquiv>
              <Unicode>r</Unicode>
            </TextEquiv>
          </Glyph>
          <TextEquiv>
            <Unicode>Saviour</Unicode>
          </TextEquiv>
        </Word>
        <Word id="w308">
          <Coords points="1645,3003 1735,3004 1735,3032 1645,3031"/>
          <Glyph id="c842">
            <Coords points="1645,3003 1660,3003 1660,3030 1645,3030"/>
            <TextEquiv>
              <Unicode>c</Unicode>
            </TextEquiv>
          </Glyph>
          <Glyph id="c843">
            <Coords points="1665,3003 1681,3003 1681,3030 1665,3030"/>
            <TextEquiv>
              <Unicode>o</Unicode>
            </TextEquiv>
          </Glyph>
          <Glyph id="c844">
            <Coords points="1684,3004 1713,3004 1713,3031 1684,3031"/>
            <TextEquiv>
              <Unicode>m</Unicode>
            </TextEquiv>
          </Glyph>
          <Glyph id="c845">
            <Coords points="1718,3004 1735,3004 1735,3031 1718,3031"/>
            <TextEquiv>
              <Unicode>e</Unicode>
            </TextEquiv>
          </Glyph>
          <TextEquiv>
            <Unicode>come</Unicode>
          </TextEquiv>
        </Word>
        <Word id="w309">
          <Coords points="1744,3004 1776,3004 1776,3031 1744,3031"/>
          <Glyph id="c846">
            <Coords points="1744,3004 1755,3004 1755,3031 1744,3031"/>
            <TextEquiv>
              <Unicode>i</Unicode>
            </TextEquiv>
          </Glyph>
          <Glyph id="c847">
            <Coords points="1757,3004 1776,3004 1776,3031 1757,3031"/>
            <TextEquiv>
              <Unicode>n</Unicode>
            </TextEquiv>
          </Glyph>
          <TextEquiv>
            <Unicode>in</Unicode>
          </TextEquiv>
        </Word>
        <Word id="w310">
          <Coords points="1780,3004 1788,3004 1788,3031 1780,3031"/>
          <Glyph id="c848">
            <Coords points="1780,3004 1788,3004 1788,3031 1780,3031"/>
            <TextEquiv>
              <Unicode>.</Unicode>
            </TextEquiv>
          </Glyph>
          <TextEquiv>
            <Unicode>.</Unicode>
          </TextEquiv>
        </Word>
        <TextEquiv>
          <Unicode/>
        </TextEquiv>
      </TextLine>
      <TextEquiv>
        <Unicode/>
      </TextEquiv>
    </TextRegion>
  </Page>
</PcGts>
