2296 3266
445 238 524 282 43

450 313 485 336 P.
501 313 544 336 H.

480 409 527 437 14

1229 426 1444 500 1:48

1661 454 1735 497 #

1733 551 1803 583 the
1818 552 1892 585 sail
1907 555 1924 585 -
1936 555 1980 586 or

427 551 459 593 1.
486 551 619 593 Bright
638 551 715 593 star
732 551 771 593 of
787 551 889 593 hope
892 551 899 593 ,
914 551 1058 593 there's
1077 551 1260 593 darkness
1275 551 1323 593 on
1337 551 1403 593 the
1418 551 1477 593 sea
1482 551 1488 593 ,
1514 551 1604 593 Lost
1645 551 1678 593 is

425 596 461 637 2.
485 596 618 637 Bright
636 596 713 637 star
729 596 767 637 of
783 596 883 637 hope
888 596 894 637 ,
922 596 989 637 the
1016 596 1113 637 wear
1113 596 1126 637 -
1131 596 1152 637 y
1173 596 1336 637 traveler
1356 596 1475 637 strays
1483 596 1488 637 ,
1507 596 1594 637 Lost
1641 596 1678 637 in
1728 596 1794 637 the
1813 596 1996 637 darkness

425 639 459 681 3.
484 639 619 681 Bright
636 639 713 681 star
729 639 768 681 of
785 639 883 681 hope
887 639 893 681 ,
910 639 1002 681 send
1015 639 1080 681 out
1097 639 1166 681 thy
1180 639 1371 681 gladsome
1389 639 1485 681 light
1490 639 1495 681 ,
1516 639 1570 681 Na
1586 639 1598 681 -
1611 639 1714 681 tions
1752 639 1793 681 in
1811 639 1998 681 darkness

497 792 536 826 4

415 1469 508 1586 2
521 1459 569 1570 :

890 1039 949 1080 y

506 1096 551 1125 in
602 1093 671 1136 the
689 1093 856 1136 tempest
873 1093 960 1136 wild
968 1093 974 1136 ,
993 1093 1098 1136 Swift
1117 1093 1194 1136 flies
1214 1093 1272 1136 his
1290 1093 1383 1136 bark
1400 1093 1527 1136 where
1541 1093 1650 1136 rocks
1664 1093 1741 1136 and
1755 1093 1916 1136 dangers
1933 1093 1980 1136 be
1983 1093 1991 1136 ,

509 1139 592 1181 now
610 1139 667 1181 for
684 1139 775 1181 help
791 1139 840 1181 he
857 1139 950 1181 cries
956 1139 962 1181 ,
989 1139 1107 1181 Shine
1123 1139 1218 1181 thou
1233 1139 1307 1181 and
1321 1139 1407 1181 lead
1421 1139 1501 1181 him
1520 1139 1616 1181 back
1635 1139 1673 1181 to
1689 1139 1879 1181 wisdom's
1896 1139 2001 1181 ways
2001 1139 2013 1181 ,

510 1183 601 1228 wait
612 1183 683 1228 thy
697 1183 849 1228 coming
863 1183 976 1228 cheer
980 1183 986 1228 ,
1004 1183 1123 1228 Dawn
1141 1183 1190 1228 on
1215 1183 1280 1228 the
1298 1183 1417 1228 world
1447 1183 1488 1228 in
1529 1183 1578 1228 all
1611 1183 1680 1228 thy
1700 1183 1793 1228 beau
1798 1183 1810 1228 -
1813 1183 1855 1228 ty
1871 1183 2000 1228 bright
2004 1183 2012 1228 ,

394 1282 465 1351 9
442 1279 477 1343 :
464 1276 501 1340 #

496 1636 614 1677 Shine
637 1636 685 1677 on

495 1683 609 1711 Point
638 1683 678 1711 to

868 234 1073 291 Bright
1098 236 1226 292 Star
1251 238 1314 293 of
1334 238 1504 294 Hope
1509 240 1523 294 .

425 1821 506 1878 #

495 1721 604 1762 Thou
629 1722 701 1763 sun
725 1723 801 1764 and
819 1724 888 1764 Sav
894 1724 904 1763 -
908 1725 991 1765 iour
997 1725 1003 1764 ,
1023 1725 1073 1765 un
1121 1726 1162 1765 to
1208 1727 1260 1766 all
1292 1727 1338 1766 ap
1349 1728 1362 1767 -
1372 1727 1462 1768 pear
1465 1729 1473 1768 .

422 2000 581 2112 127

1677 315 1821 340 FINLEY
1837 315 1935 340 LYON
1939 315 1947 340 .

716 1501 816 1593 #
716 1501 812 1593 $
716 1502 811 1594 #
768 1498 846 1588 $

1398 1598 1438 1621 8

732 1636 800 1677 the
819 1636 872 1677 bil
891 1636 904 1677 -
927 1636 1000 1677 low
1032 1636 1071 1677 in
1105 1636 1176 1677 thy
1204 1636 1262 1677 lus
1268 1636 1278 1677 -
1283 1636 1338 1677 ter
1367 1636 1463 1677 mild
1466 1636 1472 1677 .

733 1680 799 1722 the
816 1680 966 1722 blessed
983 1680 1097 1722 home
1116 1680 1268 1722 beyond
1283 1680 1351 1722 the
1370 1680 1468 1722 skies
1475 1680 1482 1722 .
1509 1680 1610 1722 Bright
1627 1680 1703 1722 star
1721 1680 1759 1722 of
1777 1680 1875 1722 hope
1881 1680 1887 1722 ,
1905 1680 2017 1722 shine

1092 1744 1103 1748 -

525 2156 571 2183 on
579 2156 586 2182 ,

769 2145 901 2184 Bright
917 2145 992 2184 star
1010 2145 1049 2184 of
1065 2145 1164 2184 hope
1179 2145 1288 2184 shine
1304 2145 1349 2184 on
1355 2145 1365 2184 ,

549 2185 662 2227 shine
676 2188 723 2228 on
730 2189 738 2228 ,
750 2188 861 2230 shine
864 2191 873 2230 ,

453 2994 584 3024 Copyright
587 2994 591 3022 ,
607 2994 661 3022 1898
666 2994 670 3022 ,
685 2994 715 3022 by
732 2992 844 3022 Fillmore
856 2991 925 3020 Bros.

1544 1452 1736 1474 CHORUS
1739 1452 1749 1474 .

1524 2138 1624 2180 Send
1635 2140 1701 2181 out
1715 2141 1788 2182 thy
1803 2142 1903 2184 light

1227 2182 1339 2228 shine
1353 2182 1400 2228 on
1406 2182 1413 2228 ,
1429 2182 1487 2228 and
1500 2182 1576 2228 Send
1589 2182 1638 2228 out
1651 2182 1700 2228 thy
1719 2182 1797 2228 light
1798 2182 1804 2228 ,
1817 2182 1888 2228 thy
1900 2182 2003 2228 light
2004 2182 2015 2228 ,

1265 2237 1336 2290 2
1310 2237 1381 2290 ..

534 2675 573 2715 in
615 2675 713 2717 beau
716 2676 728 2716 -
731 2676 772 2716 ty
790 2676 921 2718 bright
925 2678 932 2718 ,
999 2676 1099 2718 Send
1116 2676 1183 2718 out
1194 2676 1265 2718 thy
1279 2676 1377 2718 light
1382 2676 1387 2718 ,
1404 2676 1496 2718 send
1510 2676 1575 2718 out
1588 2676 1659 2718 thy
1672 2676 1869 2718 gladsome
1884 2676 1983 2718 light
1986 2676 1994 2718 .

532 2720 572 2760 in
613 2720 710 2761 beau
713 2721 724 2761 -
727 2721 771 2761 ty
775 2721 784 2761 ,
801 2721 941 2763 beauty
958 2722 1086 2763 bright
1089 2723 1096 2763 ,

1604 2808 1741 2926 2
