2135 3240
423 183 530 232 No.
561 186 639 235 30
645 188 660 235 .

480 355 514 390 6

476 399 519 436 8

378 1359 444 1416 9
420 1356 468 1411 :

905 180 1204 235 PARTING
1246 181 1451 236 HYMN
1454 183 1471 236 ,

1659 366 1807 467 F

451 494 485 540 1.
506 494 603 540 How
627 494 803 540 pleasant
814 494 904 540 thus
919 494 958 540 to
984 494 1095 540 dwell
1114 494 1158 540 be
1173 494 1185 540 -
1200 494 1272 540 low
1278 494 1284 540 ,
1318 494 1364 540 In
1411 494 1462 540 fel
1474 494 1487 540 -
1500 494 1571 540 low
1578 494 1588 540 -
1592 494 1679 540 ship
1699 494 1742 540 of
1805 498 1894 532 love
1907 498 1922 531 !

519 543 608 584 And
621 543 689 584 tho
692 543 702 584 '
720 543 775 584 we
792 543 876 584 part
882 543 887 584 ,
910 543 917 584 '
921 543 967 584 tis
986 543 1079 584 bliss
1113 543 1152 584 to
1175 543 1285 584 know
1306 543 1386 584 The
1400 543 1495 584 good
1511 543 1608 584 shall
1624 543 1725 584 meet
1746 543 1769 584 a
1782 543 1798 584 -
1817 543 1914 584 bove
1917 543 1926 584 .

450 583 484 629 2.
506 583 581 629 Yes
586 583 593 629 ,
612 583 688 629 hap
694 583 706 629 -
707 583 759 629 py
772 583 869 629 tho't
878 583 886 629 !
900 583 1013 629 when
1030 583 1085 629 we
1104 583 1168 629 are
1184 583 1264 629 free
1284 583 1393 629 From
1407 583 1558 629 earthly
1577 583 1674 629 grief
1690 583 1767 629 and
1805 583 1896 629 pain
1902 583 1911 629 ,

519 628 566 667 In
585 627 722 668 heav'n
737 629 792 668 we
803 629 902 668 shall
919 629 1010 669 each
1027 630 1091 669 oth
1097 630 1110 669 -
1112 630 1151 670 er
1184 631 1245 670 see
1252 631 1259 670 ,
1294 631 1376 671 And
1395 631 1554 672 never
1580 633 1664 672 part
1707 633 1732 672 a
1708 632 1897 670 again
1902 634 1911 670 .

451 670 485 712 3.
509 670 615 712 Then
634 670 688 712 let
735 671 779 713 us
797 671 889 713 each
908 671 946 713 in
962 672 1089 715 strength
1110 672 1147 714 di
1153 672 1163 714 -
1169 672 1257 715 vine
1263 673 1269 715 ,
1290 673 1373 715 Still
1396 673 1491 716 walk
1509 674 1546 716 in
1568 674 1632 716 wis
1637 674 1647 716 -
1651 674 1774 717 dom's
1807 675 1908 717 ways
1921 675 1933 717 ;

516 717 616 762 That
630 717 685 762 we
688 717 696 762 ,
713 717 809 762 with
815 717 927 762 those
940 717 995 762 we
1008 717 1094 762 love
1107 717 1197 762 may
1205 717 1285 762 join
1311 717 1357 762 In
1395 717 1553 762 never
1565 717 1576 762 -
1592 717 1667 762 end
1679 717 1692 762 -
1706 717 1771 762 ing
1796 717 1922 762 praise
1924 717 1931 762 .

474 868 520 905 &

473 1160 556 1201 The
572 1160 671 1201 good
691 1160 790 1201 shall
801 1160 903 1201 meet
918 1160 941 1201 a

477 1202 565 1239 And
590 1204 760 1243 never
782 1208 870 1244 part
908 1210 932 1245 a
1003 1204 1095 1244 gain
1095 1204 1108 1244 ,

487 1249 537 1278 In
592 1248 760 1289 never
773 1248 790 1289 -
800 1248 875 1289 end
878 1248 889 1289 -
893 1248 959 1289 ing
1001 1248 1127 1289 praise
1130 1248 1158 1289 ,.

972 1179 982 1183 1

962 1224 972 1228 1

1009 1159 1110 1201 bove
1111 1159 1122 1201 ,
1124 1159 1255 1201 ......
1293 1159 1372 1201 The
1388 1159 1484 1201 good
1498 1159 1597 1201 shall
1609 1159 1710 1201 meet
1724 1159 1746 1201 a
1761 1159 1776 1201 -
1798 1159 1897 1201 bove
1898 1159 1908 1201 ,

1294 1204 1382 1240 And
1399 1205 1556 1242 never
1578 1208 1664 1244 part

1708 1210 1733 1244 a

1795 1203 1886 1244 gain
1896 1205 1910 1244 ;

1306 1245 1356 1287 In
1394 1244 1557 1288 never
1564 1246 1582 1288 -
1591 1246 1694 1288 end-
1706 1246 1770 1288 ing
1790 1247 1915 1290 praise
1914 1247 1924 1289 ,

1880 285 1943 310 Arr
1944 285 1952 310 .

422 2148 533 2194 No.
575 2148 662 2194 31.
800 2144 1048 2196 ENTIRE
1086 2144 1596 2196 CONSECRATION
1603 2144 1620 2196 .

458 2232 537 2258 MISS
555 2232 703 2259 FRANCES
721 2233 756 2259 R.
778 2233 960 2261 HAVERGAL
963 2234 970 2260 .

1754 1223 1764 1227 1

530 2349 570 2385 8

478 2424 514 2465 1.
537 2424 640 2465 Take
664 2424 730 2465 my
749 2424 818 2465 life
843 2424 916 2465 and
963 2424 1018 2465 let
1062 2424 1094 2465 it
1140 2424 1187 2465 be
1190 2424 1199 2465 ,

478 2468 515 2509 2.
539 2468 643 2509 Take
667 2468 733 2509 my
749 2468 827 2509 feet
845 2468 921 2509 and
965 2468 1019 2509 let
1033 2468 1138 2509 them
1154 2468 1199 2509 be

480 2513 514 2555 3.
538 2513 642 2555 Take
666 2513 731 2555 my
754 2513 801 2555 sil
819 2513 833 2555 -
851 2513 918 2555 ver
942 2513 1017 2555 and
1036 2513 1099 2555 my
1122 2513 1207 2555 gold
1214 2513 1220 2555 ,

475 2556 512 2599 4.
535 2556 638 2599 Take
663 2556 726 2599 my
746 2556 821 2599 will
846 2556 920 2599 and
937 2556 1047 2599 make
1068 2556 1097 2599 it
1111 2556 1233 2599 Thine
1237 2556 1243 2599 ,

477 2595 514 2642 5.
540 2595 642 2643 Take
667 2596 732 2643 my
749 2597 835 2645 love
841 2597 849 2644 ;
873 2597 937 2645 my
953 2598 1051 2646 Lord
1056 2599 1061 2646 ,
1079 2599 1101 2646 I
1124 2599 1222 2648 pour

1817 861 1909 965 CHI

644 1559 738 1671 5

493 1720 583 1762 And
599 1720 668 1762 tho
670 1720 682 1762 '
707 1720 761 1762 we
779 1720 863 1762 part
869 1720 875 1762 ,
896 1720 903 1762 '
909 1720 957 1762 tis
977 1720 1068 1762 bliss
1086 1720 1124 1762 to
1143 1720 1257 1762 know
1275 1720 1354 1762 The
1371 1720 1466 1762 good
1483 1720 1584 1762 shall
1596 1720 1699 1762 meet
1709 1720 1732 1762 a
1748 1720 1764 1762 -
1785 1720 1885 1762 bove
1886 1720 1896 1762 .

500 1758 548 1803 In
565 1758 700 1804 heav'n
716 1758 771 1804 we
783 1759 879 1804 shall
894 1759 986 1804 each
1002 1760 1068 1805 oth
1079 1760 1090 1805 -
1101 1760 1142 1805 er
1161 1760 1224 1806 see
1228 1761 1235 1806 ,
1264 1761 1352 1806 And
1376 1761 1538 1808 never
1561 1762 1647 1807 part
1693 1762 1869 1809 again
1873 1763 1884 1808 .

478 1809 579 1853 That
597 1809 651 1853 we
654 1809 661 1853 ,
673 1809 768 1853 with
778 1809 890 1853 those
905 1809 957 1853 we
969 1809 1055 1853 love
1059 1809 1067 1853 ,
1081 1809 1171 1853 may
1183 1809 1265 1853 join
1292 1809 1338 1853 In
1372 1809 1537 1853 never
1551 1809 1564 1853 -
1576 1809 1650 1853 end
1665 1809 1677 1853 -
1686 1809 1751 1853 ing
1774 1809 1902 1853 praise
1901 1809 1911 1853 .

1523 2234 1580 2265 Arr
1583 2234 1589 2264 .
1606 2234 1645 2264 by
1660 2234 1696 2264 R.
1710 2234 1751 2264 M.
1766 2232 1938 2264 MCINTOSH
1939 2233 1947 2263 .

1266 2424 1348 2467 Con
1352 2424 1364 2467 -
1367 2424 1405 2467 se
1408 2424 1420 2467 -
1421 2424 1528 2467 crat-
1548 2424 1595 2467 ed
1600 2424 1606 2467 ,
1633 2424 1730 2467 Lord
1735 2424 1741 2467 ,
1761 2424 1799 2467 to
1818 2424 1921 2467 Thee
1931 2424 1942 2467 ;

1247 2468 1353 2509 Swift
1366 2468 1440 2509 and
1455 2468 1551 2509 beau
1556 2468 1567 2509 -
1569 2468 1599 2509 ti
1619 2468 1633 2509 -
1648 2468 1703 2509 ful
1736 2468 1793 2509 for
1819 2468 1918 2509 Thee
1930 2468 1937 2509 ;

1269 2513 1343 2555 Not
1371 2513 1392 2555 a
1407 2513 1500 2555 mite
1521 2513 1646 2555 would
1666 2513 1684 2555 I
1711 2513 1803 2555 with
1806 2513 1818 2555 -
1823 2513 1915 2555 hold
1930 2513 1940 2555 ;

1291 2556 1327 2599 It
1341 2556 1437 2599 shall
1453 2556 1499 2599 be
1541 2556 1591 2599 no
1615 2556 1729 2599 long-
1745 2556 1786 2599 er
1813 2556 1919 2599 mine
1931 2556 1941 2599 ;

1284 2601 1336 2640 At
1354 2601 1437 2640 Thy
1448 2601 1523 2641 feet
1539 2602 1590 2641 its
1619 2602 1718 2642 treas
1721 2603 1733 2642 -
1736 2603 1803 2642 ure
1805 2603 1817 2642 -
1820 2603 1920 2642 store
1932 2604 1943 2643 ;

478 2771 568 2811 4-8

442 2856 511 2898 Cho
514 2856 523 2898 .
543 2856 642 2898 Lord
645 2856 653 2898 ,
679 2856 699 2898 I
738 2856 824 2898 give
856 2856 1035 2898 myself
1057 2856 1098 2898 to
1114 2856 1216 2898 Thee
1221 2856 1228 2898 ,
1248 2856 1371 2898 Thine
1382 2856 1439 2898 for
1452 2856 1496 2898 ev
1514 2856 1528 2898 -
1544 2856 1586 2898 er
1597 2856 1610 2898 -
1622 2856 1729 2898 more
1752 2856 1791 2898 to
1826 2856 1876 2898 be
1891 2856 1903 2898 ;

1153 2914 1173 2956 (
1173 2914 1240 2956 102
1240 2914 1257 2956 )
