2194 3235
368 1661 377 1904 ENCRESNANDEWECHSMK3

402 438 508 477 No.
522 438 647 477 102.
785 423 975 486 Listen
1003 424 1062 486 to
1086 425 1175 486 the
1198 425 1398 488 Angels
1401 426 1419 487 .

495 608 532 643 4

495 677 621 722 Where
661 677 703 721 do
729 677 798 720 you
814 675 911 720 think
939 676 954 719 I
975 675 1084 719 found
1100 675 1158 718 my
1189 675 1264 718 soul
1266 674 1274 717 ,
1302 673 1424 718 Listen
1472 671 1507 707 to
1541 672 1602 710 the
1641 676 1764 715 angels

461 885 620 930 shouting
623 886 630 929 ,
650 886 669 929 I
687 885 793 929 found
808 885 863 928 my
883 884 956 928 soul
984 884 1019 927 at
1037 884 1132 927 hell's
1150 883 1230 927 dark
1247 883 1326 926 door
1332 883 1338 926 ,
1358 882 1474 926 Listen
1513 882 1545 925 to
1565 882 1622 925 the
1643 881 1759 924 angels

443 1093 603 1138 shouting
606 1093 613 1138 ,
624 1093 667 1138 Be
670 1093 683 1138 -
686 1093 758 1138 fore
783 1093 800 1138 I
819 1093 874 1138 lay
898 1093 930 1138 in
943 1093 1012 1138 hell
1025 1093 1088 1138 one
1098 1093 1161 1138 day
1166 1093 1172 1138 ,
1183 1093 1300 1138 Listen
1329 1093 1362 1138 to
1381 1093 1438 1138 the
1451 1093 1569 1138 angels
1582 1093 1743 1138 shouting
1745 1093 1752 1138 ,
1753 1093 1773 1138 I

1132 1185 1222 1269 HI

485 1301 566 1348 sing
605 1304 678 1350 and
704 1306 790 1353 pray
819 1309 881 1354 my
944 1301 1022 1342 soul
1062 1301 1081 1342 a
1092 1301 1108 1342 -
1120 1301 1193 1343 way
1197 1302 1202 1343 ,
1234 1302 1348 1345 Listen
1369 1303 1402 1344 to
1422 1303 1479 1344 the
1493 1303 1610 1346 angels
1623 1304 1784 1347 shouting
1785 1305 1795 1346 .

1167 1434 1197 1455 O

464 1513 546 1557 Run
576 1513 625 1557 all
655 1513 715 1557 the
763 1513 837 1557 way
840 1513 848 1557 ,
890 1513 954 1557 run
986 1513 1032 1557 all
1065 1513 1123 1557 the
1143 1513 1216 1557 way
1221 1513 1228 1557 ,
1251 1513 1330 1557 Run
1349 1513 1396 1557 all
1435 1513 1497 1557 the
1514 1513 1590 1557 way
1614 1513 1674 1557 my
1693 1513 1784 1557 Lord
1787 1513 1795 1557 ,

1453 1598 1550 1700 F

487 1722 605 1766 Listen
623 1722 656 1766 to
675 1722 736 1766 the
748 1722 866 1766 angels
881 1722 1151 1766 shouting.Blow
1155 1722 1159 1766 ,
1182 1722 1321 1766 Gabriel
1326 1722 1332 1766 ,
1378 1722 1464 1766 blow
1469 1722 1475 1766 ,
1514 1722 1608 1766 Blow
1612 1722 1618 1766 ,
1626 1722 1767 1766 Gabriel
1769 1722 1775 1766 ,

1455 1813 1574 1913 L

486 1929 574 1972 blow
580 1929 588 1972 ,
607 1929 682 1972 Tell
706 1930 753 1973 all
793 1930 849 1973 the
880 1930 992 1975 joyful
1006 1931 1095 1974 news
1101 1931 1109 1974 ,
1114 1931 1230 1976 Listen
1247 1932 1281 1975 to
1296 1932 1352 1975 the
1369 1933 1489 1977 angels
1507 1933 1672 1978 shouting
1675 1934 1687 1977 .
1723 1934 1748 1977 I

1277 2018 1386 2115 H

440 2137 532 2181 don't
549 2138 649 2182 know
663 2139 874 2182 whatsinner
895 2140 987 2184 want
1015 2141 1051 2184 to
1093 2142 1166 2184 stay
1179 2143 1262 2186 here
1280 2143 1331 2185 for
1335 2144 1342 2186 ,
1378 2143 1497 2187 Listen
1520 2145 1550 2187 to
1570 2145 1627 2188 the
1646 2145 1765 2189 angels

509 2351 672 2396 shouting
674 2352 684 2395 .
733 2350 846 2394 When
878 2351 920 2394 he
970 2350 1045 2393 gets
1063 2350 1166 2393 home
1203 2349 1247 2392 he
1296 2349 1364 2392 will
1431 2366 1484 2385 Sor
1487 2366 1499 2385 -
1504 2366 1569 2385 row
1613 2364 1659 2389 no
1673 2366 1768 2393 more
1770 2370 1780 2393 ,

941 2445 1076 2536 N

489 2560 606 2591 Listen
662 2562 701 2590 to
731 2562 795 2590 the
852 2560 975 2604 angels

1070 2561 1235 2603 shouting
1235 2563 1245 2603 .
1309 2561 1388 2592 Run
1419 2562 1466 2591 all
1521 2565 1585 2602 the
1622 2567 1701 2605 way
1699 2569 1711 2604 ,
1729 2569 1795 2606 etc.

487 2624 654 2667 Brethren
660 2624 667 2667 ,
687 2624 759 2667 will
770 2624 842 2667 you
860 2624 957 2667 come
976 2624 1009 2667 to
1028 2624 1085 2667 the
1103 2624 1274 2667 promised
1290 2624 1370 2667 land
1376 2624 1382 2667 ,
1411 2624 1466 2667 See
1485 2624 1566 2667 arch
1568 2624 1577 2667 ,
1595 2624 1655 2667 etc.

488 2676 593 2722 Come
612 2677 658 2722 all
673 2678 743 2722 and
759 2678 836 2724 sing
857 2679 937 2724 with
957 2680 1015 2724 the
1037 2680 1207 2726 heavenly
1228 2681 1317 2727 band
1324 2682 1330 2726 ,
1361 2682 1417 2726 See
1435 2683 1518 2728 arch
1521 2683 1530 2727 ,
1548 2683 1607 2728 etc.

1025 2736 1105 2769 225
