1152 1953
191 156 273 192 288

366 165 525 191 SABDATH
546 166 683 192 SCHOOL
703 168 838 193 HYMNS.

186 234 208 268 3
230 233 326 269 Here
340 245 418 277 may
433 244 500 275 we,
515 233 620 274 Lord,
634 234 689 268 for
703 245 786 269 ever
798 235 902 271 share

272 277 304 310 A
317 276 486 323 peaceful,
500 278 596 321 quiet
610 278 736 319 haven;

227 318 413 354 Whene'er
426 318 599 365 oppress'd
614 320 657 363 by
674 320 815 365 worldly
833 331 916 356 care

225 360 332 396 We'll
346 363 462 397 hasten
479 368 513 397 to
529 362 587 405 thy
605 362 710 398 house
725 363 766 397 of
780 373 915 409 prayer,

271 404 347 439 And
360 405 426 440 find
442 406 499 439 the
508 405 571 449 joy
585 405 627 439 of
639 405 781 441 heaven.

186 458 209 493 4
229 457 307 492 And
323 459 402 493 then
417 459 506 493 shall
521 459 610 493 life's
624 460 691 493 last
704 459 816 495 feeble
829 470 893 504 ray

273 501 320 535 Be
335 502 425 535 calm
439 513 476 536 as
490 503 667 537 summer's
682 512 784 537 even:

229 542 345 578 While
356 544 482 588 angels,
497 544 663 589 hovering
676 545 797 587 round,
812 546 900 581 shall
913 556 975 590 say

261 586 313 620 Ye
330 596 443 630 weary
459 587 661 629 wanderers,
677 597 774 623 come
789 598 901 633 away,

271 628 348 663 And
363 630 406 663 be
420 632 457 664 at
470 634 542 664 rest
555 630 587 663 in
605 630 774 667 heaven."

399 683 538 718 HYMN
555 686 648 719 322.
694 684 735 720 L.
752 683 804 719 M.

435 738 613 774 Punctuality
625 743 656 766 at
667 738 771 768 School.

227 780 336 862 THE

351 782 451 817 clock
466 783 528 817 has
541 782 669 824 struck,
685 782 701 817 I
717 784 840 818 cannot
854 785 941 828 stay,

337 827 389 860 let
402 835 456 859 me
470 827 538 860 rise
554 826 618 860 and
635 826 730 860 haste
746 833 862 869 away;

226 868 282 904 I'll
298 868 370 913 quit
384 878 439 912 my
454 868 532 909 bed,
545 868 610 903 and
626 868 723 902 leave
738 878 793 912 my
808 870 921 910 home,

226 911 301 947 The
317 912 402 946 hour
418 911 458 945 of
469 910 585 947 school
598 914 636 946 at
650 910 765 955 length
783 913 811 946 is
824 920 936 947 come.

180 965 208 1000 2
225 964 246 999 I
259 963 371 1000 would
386 964 430 998 be
444 965 540 999 there
554 964 652 999 when
668 972 791 1010 prayer
806 963 934 1009 begins,

224 1008 278 1042 To
291 1007 375 1042 seek
389 1008 448 1041 the
461 1006 590 1051 pardon
606 1006 645 1041 of
657 1012 712 1050 my
727 1008 818 1047 sins;

224 1049 277 1085 I'd
293 1050 354 1085 ask
367 1050 426 1084 the
441 1050 539 1085 favor
554 1049 594 1084 of
605 1050 663 1084 the
679 1049 782 1092 Lord,

226 1092 303 1128 And
319 1102 401 1137 pray
418 1098 454 1127 to
470 1091 671 1128 understand
687 1093 741 1126 his
757 1091 865 1127 word.

180 1148 205 1182 3
225 1148 270 1186 o,
285 1147 376 1183 shall
389 1156 444 1190 my
460 1146 615 1182 teachers
631 1146 714 1180 wait
727 1147 762 1180 in
778 1145 869 1184 vain,

225 1189 342 1224 While
356 1199 412 1233 my
426 1189 561 1234 neglect
576 1191 664 1223 must
678 1189 755 1234 give
769 1188 861 1224 them
877 1189 978 1234 pain?

225 1233 294 1273 No,
309 1233 358 1267 let
371 1242 424 1266 me
439 1233 554 1267 rather
563 1234 669 1267 strive
684 1236 720 1266 to
734 1231 779 1266 be

225 1275 302 1311 The
316 1274 390 1310 first
401 1275 477 1310 that
490 1276 523 1308 in
538 1274 596 1308 the
618 1275 707 1310 class
721 1274 801 1318 they
815 1283 888 1308 see.

179 1328 205 1363 4
224 1326 338 1363 These
353 1325 504 1363 Sabbath
517 1327 600 1370 days
617 1326 686 1360 will
699 1334 782 1361 soon
798 1326 842 1359 be
856 1327 942 1370 o'er,

224 1370 301 1404 And
315 1369 333 1404 I
342 1369 431 1405 shall
444 1379 487 1414 go
501 1373 537 1403 to
551 1368 668 1405 school
682 1379 728 1403 no
742 1376 852 1404 more:

223 1412 242 1447 I
254 1412 365 1448 would
382 1415 442 1447 not
455 1413 536 1446 then
552 1412 679 1447 endure
691 1413 750 1446 the
765 1410 845 1456 pain

223 1454 276 1490 Of
286 1455 408 1499 having
422 1457 521 1499 spent
535 1464 590 1498 my
603 1455 687 1489 time
702 1455 738 1489 in
752 1455 847 1489 vain.

345 1508 487 1547 HYMN
508 1512 604 1547 323.
647 1511 669 1545 3
684 1512 723 1544 7s
737 1511 769 1544 &
784 1509 851 1545 15.

447 1567 505 1595 The
513 1565 631 1596 Salbath
644 1564 749 1595 School.

305 1610 430 1648 HERE
442 1612 484 1646 do
500 1611 651 1648 children
667 1611 745 1645 love
757 1612 793 1644 to
808 1619 863 1654 go,

317 1654 426 1690 When
441 1656 500 1690 the
516 1656 639 1699 wintry
652 1655 813 1700 tempests
826 1653 936 1688 blow?
