3769 2447
291 315 348 358 18

1606 306 1949 352 FAIRFIELD
2008 305 2298 352 C.M.-KEY
2318 322 2370 352 OF
2388 305 2445 353 E.

3180 325 3420 360 HITCHCOCK,

487 911 592 946 Come,
601 911 644 940 let
666 916 705 939 us

777 910 827 938 lift
848 916 904 938 our
913 911 1014 938 voices
1025 910 1109 945 high,
1147 909 1226 945 High
1248 916 1283 938 as
1309 916 1364 937 our
1382 910 1450 944 joys
1476 916 1496 938 a
1507 924 1520 931 -
1530 909 1602 945 rise;
1616 906 2822 944 Andjoin thesongabove thesky,Where pleasure never dies,Andjoin the
2829 914 2920 942 songs
2926 907 3021 936 above
3026 909 3076 936 the
3084 909 3150 944 sky,
3161 909 3271 938 Where
3279 911 3410 945 pleasure
3419 919 3511 941 never
3518 912 3595 940 dies.

389 1070 434 1113 2

1591 1270 1880 1323 AMERICA,
1907 1270 1953 1314 S.
1983 1264 2206 1314 M.-KEY
2240 1282 2291 1313 OF
2319 1267 2376 1312 E.

3316 1279 3535 1308 WETMORE.

500 1892 553 1927 My
585 1893 653 1921 soul
674 1899 708 1921 re
716 1906 728 1913 -
736 1896 804 1927 peat
812 1892 860 1920 his
870 1893 978 1927 praise,
996 1892 1109 1921 Whose
1118 1893 1242 1920 mercies
1248 1899 1299 1920 are
1307 1898 1341 1920 so
1350 1895 1441 1927 great,
1473 1892 1585 1920 Whose
1593 1899 1684 1927 anger
1694 1892 1722 1920 is
1739 1898 1774 1920 so
1784 1893 1862 1920 slow
1872 1895 1904 1920 to
1914 1892 1988 1926 rise,
2009 1892 2124 1921 Whose
2140 1898 2233 1927 anger
2243 1893 2271 1920 is
2297 1898 2333 1920 so
2349 1892 2426 1920 slow
2438 1895 2470 1920 to
2487 1893 2557 1926 rise,

2790 1890 2835 1919 So

2920 1896 2974 1919 rea

3006 1902 3024 1912 -
3055 1888 3095 1923 dy
3122 1890 3155 1917 to

3265 1892 3287 1915 a
3353 1886 3434 1913 Date.
