2111 2842
266 220 352 271 154

507 221 590 271 MY
613 221 792 273 FAITH
814 221 979 272 LOOKS
1005 221 1076 274 UP
1103 222 1171 274 TO
1196 223 1368 275 THEE.
1423 222 1461 266 6s
1482 223 1509 266 &
1525 221 1576 267 4s.

1511 299 1657 334 Spiritual
1670 299 1783 334 Songs.

419 488 445 514 1.
460 486 512 520 My
520 486 594 514 faith
601 486 686 515 looks
694 495 735 521 up
745 489 776 515 to
786 488 863 519 thee,
870 488 957 516 Thou
963 488 1052 515 Lamb
1060 488 1094 515 of
1099 487 1300 521 Cal - va - ry ;
1331 488 1385 516 Sa-
1397 489 1464 516 vior
1473 489 1585 517 di-vine
1613 489 1689 517 Now
1700 489 1774 516 hear
1784 496 1831 516 me

290 533 449 612 gbb

285 710 449 787 9:52

353 757 447 809 0-22

397 1094 489 1122 while
498 1095 513 1122 I
524 1101 599 1129 pray
622 1094 706 1122 Take
722 1093 765 1121 all
775 1101 825 1128 my
837 1093 917 1130 guilt
926 1100 1011 1128 away

1076 1093 1110 1126 o,
1149 1092 1193 1120 let
1202 1101 1249 1120 me
1259 1093 1333 1121 from
1343 1093 1403 1121 this
1414 1093 1472 1127 day
1500 1094 1541 1121 Be
1569 1093 1695 1126 whol-ly
1717 1092 1809 1120 thine.

611 1490 720 1530 386.

1410 1489 1523 1529 387.

505 1551 601 1583 Christ,
610 1558 659 1578 our
668 1550 823 1585 Confidence.

1341 1549 1449 1581 Worthy
1458 1550 1500 1576 the
1509 1549 1596 1576 Lamb.

354 1599 370 1626 1
386 1598 445 1625 MY
454 1596 528 1624 faith
539 1596 625 1624 looks
636 1603 676 1631 up
687 1598 718 1624 to
727 1596 805 1630 thee,

1150 1594 1170 1622 1
1188 1594 1342 1621 "GLORY
1351 1596 1383 1621 to
1393 1594 1457 1622 God
1468 1602 1505 1622 on
1513 1594 1588 1629 high

387 1631 474 1659 Thou
485 1630 575 1658 Lamb
586 1630 620 1657 of
627 1630 772 1665 Calvary ;

1182 1628 1238 1654 Let
1248 1627 1361 1654 heaven
1372 1628 1428 1654 and
1439 1628 1521 1654 earth
1532 1627 1627 1661 reply,

451 1664 555 1691 Savior
564 1663 683 1691 divine!

1253 1660 1371 1687 "Praise
1382 1667 1421 1693 ye
1431 1659 1478 1687 his
1488 1666 1572 1686 name
1581 1661 1609 1679 199

386 1698 463 1724 Now
475 1697 549 1723 hear
559 1703 605 1723 me
615 1695 707 1723 while
716 1696 732 1723 I
742 1701 833 1730 pray;

1182 1692 1238 1719 His
1247 1692 1314 1718 love
1324 1693 1381 1719 and
1391 1699 1480 1727 grace
1490 1693 1585 1725 adore,

387 1731 471 1757 Take
482 1729 525 1756 all
534 1736 585 1763 my
596 1728 676 1763 guilt
685 1735 776 1762 away

1183 1725 1263 1752 Who
1274 1725 1317 1752 all
1328 1732 1384 1752 our
1392 1732 1517 1753 sorrows
1528 1726 1605 1755 bore

386 1763 444 1791 Oh
471 1763 513 1790 let
524 1769 569 1789 me
580 1762 652 1789 from
663 1762 723 1789 this
733 1762 791 1795 day

1183 1757 1255 1793 Sing
1265 1757 1353 1785 aloud
1365 1765 1546 1785 evermore-

451 1796 494 1823 Be
504 1794 618 1829 wholly
629 1794 721 1822 thine.

1251 1790 1401 1826 "Worthy
1412 1791 1464 1819 the
1474 1791 1594 1819 Lamb."

357 1870 379 1895 2
392 1868 463 1901 May
474 1866 529 1900 thy
541 1866 608 1894 rich
618 1871 708 1900 grace
717 1866 824 1899 impart

1149 1865 1170 1891 2
1183 1863 1229 1890 Ye
1238 1861 1308 1889 who
1318 1861 1465 1889 surround
1475 1861 1527 1889 the
1536 1861 1647 1896 throne,

393 1901 532 1935 Strength
542 1901 574 1927 to
584 1907 634 1933 my
645 1898 770 1934 fainting
780 1899 873 1931 heart,

1186 1895 1355 1929 Cheerfully
1365 1896 1430 1928 join
1440 1896 1472 1922 in
1483 1902 1545 1927 one,

458 1935 510 1967 My
522 1933 589 1960 zeal
597 1932 721 1966 inspire ;

1249 1928 1380 1962 Praising
1391 1928 1438 1955 his
1448 1934 1547 1956 name:

393 1967 436 1994 As
446 1966 518 1993 thou
528 1966 594 1993 hast
605 1965 674 1993 died
683 1965 728 1992 for
737 1972 791 1997 me,

1184 1962 1239 1989 His
1247 1961 1315 1989 love
1325 1962 1382 1989 and
1394 1968 1484 1996 grace
1493 1961 1589 1994 adore,

393 2000 440 2026 Oh
450 2000 459 2026 !
473 2004 542 2032 may
552 2005 602 2032 my
613 1998 681 2026 love
690 2000 721 2025 to
731 1998 806 2030 thee,

1184 1995 1263 2022 Who
1274 1994 1315 2021 all
1324 2001 1379 2021 our
1388 2001 1513 2022 sorrows
1523 1995 1607 2025 bore

392 2033 475 2062 Pure,
487 2038 587 2063 warm,
598 2031 655 2059 and
666 2031 839 2066 changeless
848 2030 895 2063 be,

1184 2028 1256 2063 Sing
1267 2027 1354 2055 aloud
1366 2034 1514 2055 evermore

459 2066 488 2092 A
497 2064 593 2099 living
604 2064 664 2092 fire.

1253 2060 1401 2095 "Worthy
1414 2060 1465 2088 the
1474 2060 1595 2088 Lamb."

360 2140 379 2166 3
393 2135 495 2164 While
504 2135 581 2163 life's
591 2135 665 2163 dark
676 2143 758 2163 maze
767 2136 784 2164 I
791 2135 885 2168 tread,

1151 2132 1170 2158 3
1183 2131 1252 2158 Join
1262 2130 1305 2157 all
1315 2136 1354 2164 ye
1365 2130 1514 2158 ransomed
1525 2137 1591 2159 race

394 2171 461 2198 And
474 2169 564 2203 griefs
575 2169 684 2196 around
696 2176 741 2196 me
752 2170 862 2203 spread,

1185 2164 1249 2191 Our
1258 2163 1333 2190 Lord
1344 2163 1400 2190 and
1412 2163 1474 2191 God
1482 2165 1512 2191 to
1522 2163 1605 2194 bless

459 2203 501 2230 Be
512 2202 583 2229 thou
594 2209 644 2235 my
655 2202 763 2237 guide;

1251 2197 1347 2224 Praise
1357 2203 1397 2230 ye
1405 2197 1454 2225 his
1463 2203 1559 2225 name:

393 2236 448 2264 Bid
461 2235 602 2262 darkness
611 2236 680 2261 turn
690 2237 721 2262 to
731 2235 798 2269 day,

1186 2230 1232 2257 On
1241 2229 1302 2256 him
1314 2237 1361 2257 we
1371 2230 1413 2257 fix
1423 2237 1478 2257 our
1487 2229 1600 2265 choice,

394 2270 481 2303 Wipe
490 2269 625 2297 sorrow's
636 2269 713 2296 tears
721 2275 815 2303 away,

1183 2264 1220 2290 In
1229 2262 1290 2289 him
1301 2270 1348 2290 we
1359 2263 1424 2290 will
1432 2264 1550 2297 rejoice,

393 2303 458 2330 Nor
467 2302 509 2328 let
518 2308 565 2328 me
576 2307 647 2328 ever
655 2303 735 2334 stray

1185 2294 1330 2331 Shouting
1341 2296 1415 2323 with
1424 2296 1508 2324 heart
1518 2297 1575 2324 and
1588 2296 1706 2325 voice-

458 2335 544 2362 From
554 2334 622 2361 thee
633 2335 721 2362 aside.

1254 2332 1271 2344 66
1267 2329 1403 2363 Worthy
1413 2329 1464 2357 the
1474 2329 1594 2358 Lamb."

360 2409 382 2436 4
393 2402 491 2434 When
501 2405 574 2433 ends
583 2404 659 2432 life's
668 2405 808 2432 transient
816 2405 923 2437 dream,

1151 2402 1172 2428 4
1184 2400 1260 2428 Soon
1269 2401 1349 2427 must
1358 2407 1405 2427 we
1415 2399 1493 2428 close
1503 2408 1560 2428 our
1569 2408 1646 2434 race,

394 2441 493 2468 When
504 2439 616 2466 death's
628 2438 695 2466 cold
705 2438 802 2465 sullen
811 2440 916 2466 stream

1185 2434 1243 2461 Yet
1253 2433 1318 2460 will
1328 2440 1375 2460 we
1384 2440 1474 2461 never
1484 2441 1568 2462 cease

461 2474 544 2499 Shall
553 2474 615 2499 o'er
624 2478 671 2498 me
680 2470 756 2504 roll;

1252 2466 1382 2501 Praising
1393 2466 1440 2494 his
1449 2474 1551 2495 name:

393 2507 475 2534 Blest
483 2506 594 2537 Savior,
605 2505 676 2532 then
686 2505 717 2532 in
727 2504 803 2536 love,

1186 2500 1245 2527 But
1255 2507 1287 2526 as
1298 2506 1345 2527 we
1355 2500 1475 2534 upward
1487 2500 1578 2535 wing,

394 2541 468 2567 Fear
476 2539 532 2566 and
543 2538 665 2565 distrust
675 2544 808 2565 remove:

1185 2532 1255 2559 Hail
1265 2532 1324 2559 him
1335 2540 1391 2560 our
1400 2534 1534 2567 gracious
1545 2533 1631 2569 King,

395 2573 451 2601 Oh
476 2573 546 2599 bear
554 2579 604 2599 me
611 2571 671 2599 safe
681 2571 807 2599 above-

1187 2566 1255 2593 And
1266 2566 1396 2601 through
1406 2567 1456 2593 the
1466 2567 1593 2594 heavens
1603 2567 1704 2602 sing-

461 2606 489 2633 A
499 2605 649 2632 ransomed
658 2604 734 2632 soul.

1257 2598 1403 2634 "Worthy
1413 2599 1465 2627 the
1474 2599 1593 2627 Lamb."
