1424 2234
496 212 566 236 FOR
586 212 687 236 BIBLE
710 209 896 238 SOCIETIES.

1125 202 1187 237 603

292 265 318 300 2
340 262 504 302 Go-and
518 264 694 301 wherever
709 274 785 298 man
799 265 859 298 has
873 264 963 303 trod,

383 306 508 341 Where
522 307 615 340 there
629 309 658 339 is
672 316 736 341 one
750 306 804 340 for
817 307 928 341 whom
943 306 1056 341 Christ
1068 304 1156 348 died,

341 348 439 393 Open
453 349 511 382 the
524 352 689 384 treasures
705 347 745 382 of
754 357 815 382 our
831 348 922 387 God,

384 390 460 425 And
475 390 536 424 tell
546 390 638 424 them
652 390 692 424 of
709 391 767 424 the
782 388 954 426 Crucified.

297 464 319 498 3
341 461 493 507 Fly-fly
507 473 551 497 on
564 463 654 506 wing
668 462 708 497 of
724 462 823 506 angel
834 461 949 507 speed,

385 505 460 539 And
475 506 557 540 bear
569 506 627 539 the
641 514 734 540 news
746 505 786 539 of
800 505 904 549 dying
916 514 1030 550 grace,

340 547 423 590 Say,
438 548 531 582 Jesus
545 548 574 581 is
588 548 643 581 the
658 546 768 582 Christ
782 547 913 586 indeed,

382 589 461 624 And
474 588 641 626 ransom'd
656 599 722 624 ALL
735 589 792 624 the
805 590 931 625 human
944 601 1031 626 race.

299 662 322 697 4
342 660 417 696 The
431 660 498 695 veil
513 660 553 695 of
568 662 746 706 ignorance
759 660 846 696 shall
859 660 954 701 rend,

386 703 463 738 And
476 704 562 746 light
574 702 662 738 shall
674 713 749 747 pass
761 702 905 747 through
920 701 1044 740 error's
1057 702 1166 748 night,

343 745 420 780 And
434 745 518 780 idols
532 745 572 780 of
589 745 648 779 the
661 744 756 781 earth
769 745 856 781 shall
870 745 957 780 bend

386 786 535 824 Beneath
548 788 605 822 the
616 788 713 834 glory
728 787 768 822 of
777 788 836 833 thy
850 787 969 833 might.

299 861 323 895 5
345 858 490 895 Onward
510 861 546 893 in
560 860 620 903 thy
632 858 839 904 triumphant
854 868 941 903 way,

386 902 484 936 Thou
497 911 644 945 message
658 901 698 936 of
714 902 773 936 the
794 902 887 945 Holy
901 903 990 943 One,

344 943 421 987 Thy
434 944 525 980 truth
540 944 626 979 shall
640 945 737 980 usher
750 945 785 978 in
801 945 859 979 the
872 945 951 987 day,

387 986 462 1021 The
474 987 569 1031 reign
585 986 624 1021 of
642 986 749 1022 God's
760 985 899 1023 beloved
911 987 994 1021 Son.

216 1055 365 1113 979

530 1069 643 1104 Power
656 1071 695 1110 of
708 1068 805 1106 God's
816 1068 915 1104 word.

1085 1067 1124 1103 S.
1139 1068 1179 1103 M

303 1133 323 1168 1

343 1132 409 1203 B

410 1130 583 1172 EHOLD,
597 1132 655 1166 the
671 1131 824 1176 morning
836 1141 900 1167 sun

429 1175 551 1220 Begins
565 1175 618 1209 his
630 1175 774 1223 glorious
789 1183 879 1217 way;

343 1218 409 1253 His
421 1218 536 1253 beams
551 1217 693 1259 through
709 1217 754 1250 all
769 1216 828 1250 the
842 1216 974 1252 nations
988 1225 1066 1252 run,

386 1259 464 1295 And
477 1259 537 1294 life
551 1259 616 1293 and
629 1259 716 1303 light
727 1266 869 1302 convey.

300 1332 325 1367 2
347 1331 412 1366 But
426 1330 536 1366 where
549 1332 606 1365 the
618 1328 734 1377 gospel
747 1338 871 1372 comes,

386 1373 419 1407 It
430 1371 562 1418 spreads
575 1373 707 1408 diviner
719 1373 818 1416 light;

343 1415 377 1450 It
389 1415 470 1451 calls
484 1414 570 1451 dead
584 1416 711 1451 sinners
723 1415 809 1450 from
822 1415 909 1449 their
921 1413 1046 1457 tombs,

388 1457 467 1493 And
480 1458 573 1503 gives
586 1457 646 1492 the
658 1457 752 1492 blind
765 1458 852 1492 their
863 1456 964 1502 sight.

301 1530 324 1565 3
346 1529 435 1564 How
449 1527 573 1574 perfect
585 1530 615 1563 is
627 1529 688 1572 thy
700 1527 813 1565 word!

388 1570 464 1606 And
479 1571 526 1606 all
538 1572 599 1615 thy
608 1571 800 1618 judgments
806 1569 896 1616 just!

344 1614 412 1648 For
424 1623 506 1648 ever
518 1622 596 1647 sure
609 1613 670 1655 thy
682 1612 839 1659 promise,
852 1612 956 1653 Lord,

386 1654 464 1690 And
478 1665 531 1689 we
546 1653 699 1698 securely
714 1657 810 1690 trust.

303 1729 324 1763 4
347 1726 410 1771 My
422 1727 574 1773 gracious
588 1725 680 1767 God,
694 1727 770 1762 how
784 1727 874 1772 plain

388 1770 457 1804 Are
469 1770 530 1813 thy
542 1769 721 1806 directions
732 1768 840 1816 given

346 1812 380 1847 O
393 1821 469 1856 may
482 1813 500 1846 I
513 1820 615 1848 never
627 1812 704 1847 read
718 1815 753 1846 in
766 1814 858 1853 vain,

389 1854 456 1890 But
469 1854 535 1889 find
548 1855 607 1889 the
619 1854 700 1900 path
713 1857 750 1889 to
763 1855 905 1891 heaven.
