1259 1907
478 218 687 246 MELODEON.

938 212 1008 247 281

205 276 291 316 And
305 276 427 326 gladly
439 277 586 315 wander
599 290 648 325 up
665 276 735 315 and
750 277 870 324 down,

252 326 337 363 And
349 326 454 362 smile
469 331 508 362 at
523 326 588 362 toil
605 325 675 362 and
692 327 787 373 pain.

205 373 226 411 I
240 373 351 410 suffer
366 384 413 409 on
428 383 489 419 my
506 373 726 410 three-score
741 384 862 420 years,

252 421 329 458 Till
344 430 405 467 my
421 420 611 457 Deliverer
626 431 743 463 come,

206 467 290 505 And
306 470 402 515 wipe
418 478 519 514 away
536 467 594 504 his
609 471 787 505 servant's
808 472 919 512 tears,

253 515 338 553 And
352 516 438 552 take
453 515 512 552 his
528 515 623 552 exile
640 515 758 552 home.

158 614 181 649 3
207 611 241 648 O
257 610 358 647 what
368 609 456 646 hath
471 609 580 648 Jesus
595 610 732 658 bought
743 611 799 648 for
814 616 898 649 me!

252 658 382 695 Before
395 668 455 704 my
470 656 636 695 ravished
652 669 740 705 eyes

207 705 337 743 Rivers
352 705 394 742 of
414 705 477 742 life
493 704 612 742 divine
629 704 647 741 I
663 715 743 748 see,

252 753 337 790 And
352 756 450 789 trees
466 752 508 789 of
527 752 690 799 paradise
702 757 713 788 !

205 800 226 838 I
242 811 305 837 see
321 811 345 837 a
359 798 471 837 world
487 800 529 836 of
547 800 671 847 spirits
690 799 825 848 bright,

251 846 355 885 Who
370 852 465 884 taste
481 847 545 883 the
561 848 745 894 pleasures
765 848 891 891 there;

205 895 314 942 They
329 894 381 932 all
396 905 457 931 are
471 894 583 932 robed
597 896 637 932 in
652 895 809 942 spotless
825 896 951 938 white,

252 941 338 979 And
354 943 541 990 conq'ring
556 942 674 990 palms
688 942 776 990 they
792 943 891 980 bear
891 948 901 980 !

160 1041 185 1076 4
207 1037 242 1074 O
258 1038 358 1075 what
373 1048 435 1073 are
452 1036 503 1074 all
517 1048 578 1083 my
594 1035 787 1085 sufferings
802 1036 905 1081 here,

253 1084 302 1127 If,
315 1084 424 1127 Lord,
439 1085 528 1121 thou
544 1088 656 1121 count
668 1095 728 1121 me
745 1088 844 1122 meet

206 1131 314 1169 With
328 1133 410 1169 that
425 1131 638 1178 enraptured
654 1131 739 1169 host
751 1133 780 1169 t'
796 1141 945 1180 appear,

253 1178 339 1217 And
353 1179 511 1227 worship
528 1184 567 1216 at
581 1178 645 1227 thy
662 1180 745 1216 feet
749 1183 760 1216 !

207 1226 301 1264 Give
321 1228 385 1274 joy
402 1238 442 1264 or
457 1227 563 1274 grief,
578 1227 662 1275 give
679 1237 764 1264 ease
781 1238 821 1264 or
836 1227 936 1275 pain,

254 1274 360 1312 Take
374 1274 440 1311 life
455 1286 496 1311 or
511 1274 648 1311 friends
662 1284 781 1321 away
776 1284 790 1318 ;

205 1321 279 1360 But
301 1321 357 1359 let
369 1332 429 1358 me
444 1320 519 1359 find
533 1321 634 1358 them
651 1321 701 1358 all
717 1323 826 1370 again

254 1369 301 1408 In
315 1369 398 1407 that
411 1369 552 1407 eternal
567 1368 649 1418 day.

380 1466 533 1505 HYMN
553 1466 730 1506 230.-L.
748 1467 803 1505 M.

208 1525 413 1565 BLESS'D
428 1525 551 1570 Jesus,
561 1526 662 1564 what
676 1526 849 1564 delicious
863 1527 989 1564 fare-

208 1574 304 1613 How
319 1578 437 1613 sweet
449 1574 552 1612 thine
569 1574 867 1613 entertainments
883 1583 945 1613 are
955 1577 968 1614 !
