1343 2175
513 168 809 205 MISCELLANY.

1000 166 1086 207 283

237 235 260 271 5
281 236 346 271 Let
360 247 403 271 us
415 238 493 271 love
508 246 571 271 our
586 236 661 271 God
680 238 887 283 supremely,

279 281 345 315 Let
358 291 400 315 us
415 281 492 315 love
507 279 592 314 each
608 280 716 321 other,
735 284 806 315 too :

235 324 301 358 Let
314 334 356 358 us
367 325 444 359 love
460 323 529 359 and
543 334 634 367 pray
647 324 701 357 for
717 324 862 366 sinners,

281 367 350 402 Till
365 378 428 402 our
444 368 519 403 God
533 368 652 402 makes
668 368 716 401 all
731 368 847 412 things
860 380 952 406 new:

235 411 331 445 Then
345 411 427 446 he'll
442 412 511 447 call
525 421 568 444 us
582 411 682 446 home
696 414 733 445 to
748 412 892 456 heaven,

279 455 327 489 At
336 456 392 490 his
408 456 501 490 table
516 455 605 489 we'll
616 455 664 489 sit
675 455 790 490 down :

235 498 353 533 Christ
366 500 437 533 will
451 499 528 543 gird
543 498 691 538 himself,
707 499 777 533 and
791 509 890 535 serve
904 511 948 536 us

277 542 370 577 With
384 545 490 578 sweet
500 552 627 577 manna
643 543 691 576 all
706 543 850 578 around.

634 652 684 686 7s.

952 653 1081 688 SWAIN.

231 662 371 732 402

559 706 653 741 Come
663 707 762 741 home.

235 785 293 852 B

291 784 514 827 RETHREN,
531 786 633 821 while
648 796 699 820 we
714 787 855 829 sojourn
869 786 964 827 here,

315 830 418 872 Fight
433 839 484 863 we
498 831 600 868 must,
618 830 683 863 but
697 830 820 864 should
830 833 892 863 not
901 831 984 865 fear

232 873 320 907 Foes
333 883 385 907 we
396 874 494 913 have,
511 874 577 907 but
591 875 693 907 we've
710 882 732 906 a
744 872 915 907 Friend-

233 917 304 951 One
320 917 399 951 that
408 918 502 950 loves
517 926 559 950 us
574 919 609 950 to
621 917 681 950 the
697 917 776 951 end
775 928 784 950 :

231 959 404 1001 Forward,
423 961 515 1000 then,
534 960 618 993 with
634 969 782 1003 courage
797 970 852 1003 go,

232 1005 329 1048 Long
342 1014 394 1039 we
408 1004 500 1038 shall
512 1008 575 1037 not
590 1003 690 1037 dwell
703 1005 813 1038 below

232 1048 323 1083 Soon
337 1048 397 1082 the
407 1048 521 1090 joyful
537 1057 631 1081 news
644 1048 714 1081 will
729 1057 835 1087 come,

235 1095 259 1113 "
267 1090 379 1132 Child,
396 1100 485 1135 your
500 1091 629 1126 Father
641 1092 866 1126 calls-come
880 1092 981 1126 home
992 1092 1028 1126 !"

231 1159 255 1193 2
275 1159 318 1192 In
335 1159 393 1193 the
407 1169 485 1202 way
500 1170 522 1193 a
537 1159 708 1193 thousand
722 1170 845 1194 snares

231 1202 304 1243 Lie,
321 1207 357 1237 to
372 1204 455 1237 take
468 1213 512 1236 us
526 1212 721 1237 unawares:

233 1248 351 1288 Satan,
368 1247 452 1281 with
465 1247 644 1281 malicious
660 1250 726 1286 art,

230 1290 390 1324 Watches
404 1290 490 1324 each
505 1290 708 1333 unguarded
722 1293 819 1332 part;

230 1333 310 1373 But,
327 1334 417 1367 from
432 1334 571 1368 Satan's
584 1334 707 1367 malice
722 1334 807 1374 free,

230 1377 349 1412 Saints
363 1377 453 1412 shall
468 1388 552 1411 soon
566 1378 753 1412 victorious
767 1379 824 1412 be

230 1421 322 1456 Soon
335 1422 395 1455 the
404 1421 520 1464 joyful
535 1431 628 1455 news
643 1422 713 1454 will
728 1431 834 1460 come,

232 1469 258 1486 66
265 1465 376 1505 Child,
393 1474 483 1507 your
497 1465 625 1499 Father
642 1466 866 1499 calls-come
881 1464 1024 1500 home!"

227 1533 252 1568 3
272 1533 354 1573 But,
371 1532 411 1566 of
421 1533 469 1566 all
483 1532 543 1566 the
557 1533 630 1566 foes
641 1543 693 1567 we
706 1537 808 1572 meet,

229 1577 324 1610 None
338 1586 377 1610 SO
396 1577 448 1609 oft
461 1576 607 1609 mislead
621 1581 685 1610 our
699 1576 781 1617 feet,

228 1621 325 1654 None
340 1621 463 1662 betray
476 1630 520 1653 us
533 1620 606 1653 into
621 1621 687 1660 sin,

228 1664 315 1697 Like
329 1664 389 1697 the
400 1664 474 1697 foes
489 1663 567 1697 that
581 1663 682 1697 dwell
696 1663 831 1697 within :

229 1708 297 1742 Yet
309 1708 360 1741 let
373 1707 519 1749 nothing
531 1708 620 1749 spoil
633 1717 724 1750 your
741 1717 859 1750 peace,

230 1751 346 1785 Christ
360 1751 430 1784 will
446 1752 518 1784 also
533 1761 685 1793 conquer
699 1752 805 1785 these

230 1795 320 1828 Soon
334 1795 394 1828 the
403 1794 520 1837 joyful
533 1804 627 1828 news
641 1795 713 1827 will
728 1804 834 1834 come,

232 1838 375 1880 "Child,
391 1848 481 1881 your
498 1838 626 1872 Father
640 1839 863 1872 calls--come
879 1837 1022 1873 home!"
