2449 3770
936 270 1269 323 BARCLAY.
1337 270 1390 322 C.
1386 269 1478 321 M.

1538 277 1584 324 f

1737 300 1798 331 DR.
1809 301 1846 331 A.
1857 301 1894 331 B.
1908 301 1946 331 E.

2012 270 2109 321 127

474 512 573 550 How
588 518 689 561 great
700 513 761 549 the
784 512 961 558 wis-dom,
983 521 1117 559 power,
1133 509 1205 547 and
1218 520 1332 558 grace,
1381 508 1512 545 Which
1525 510 1564 546 in
1606 512 1863 558 re-demp-tion
1894 510 1997 547 shine
2008 512 2019 546 !

429 777 457 820 3

429 1108 503 1145 The
515 1108 692 1156 heavenly
729 1109 814 1146 host
857 1108 947 1146 with
971 1109 1037 1157 joy

1106 1120 1176 1145 con

1187 1127 1205 1134 -

1218 1107 1290 1145 fess

1333 1107 1408 1144 The

1455 1108 1559 1145 work

1615 1109 1648 1145 is

1715 1109 1763 1145 all

1830 1109 1869 1145 di
1911 1110 2003 1147 vine.

272 1527 363 1581 160

409 1539 478 1570 'Let
492 1539 539 1567 all
553 1539 604 1568 the
622 1539 731 1575 angels
748 1539 787 1574 of
801 1538 870 1568 God
883 1539 1017 1576 worship
1033 1538 1126 1569 him."

1212 1527 1303 1579 533

1452 1547 1597 1584 Praying
1605 1547 1663 1584 for
1677 1555 1701 1577 a
1715 1546 1790 1584 holy
1802 1548 1900 1581 heart.

268 1601 422 1674 HOW
437 1608 538 1652 great
552 1603 614 1639 the
630 1603 789 1649 wisdom,
804 1614 938 1651 power,
953 1602 1025 1640 and
1039 1614 1151 1653 grace,

362 1650 494 1687 Which
507 1651 546 1686 in
560 1650 783 1697 redemption
798 1650 911 1687 shine

1209 1610 1259 1682 0

1283 1611 1381 1648 FOR
1395 1623 1418 1647 a
1431 1611 1534 1646 heart
1546 1614 1586 1646 to
1601 1612 1715 1657 praise
1728 1621 1792 1658 my
1811 1610 1902 1657 God,

1285 1661 1320 1695 A
1334 1658 1437 1695 heart
1450 1657 1545 1694 from
1560 1658 1615 1693 sin
1631 1661 1687 1694 set
1701 1658 1776 1694 free
1786 1660 1799 1694 !

267 1696 342 1733 The
357 1697 530 1744 heavenly
545 1697 629 1734 host
644 1698 733 1734 with
742 1698 808 1744 joy
823 1697 959 1733 confess

1210 1705 1245 1741 A
1258 1705 1362 1742 heart
1375 1706 1455 1741 that
1469 1705 1606 1750 always
1618 1704 1705 1741 feels
1719 1705 1784 1751 thy
1799 1704 1907 1741 blood

313 1744 388 1781 The
403 1745 506 1781 work
520 1745 551 1780 is
564 1744 611 1780 all
626 1744 755 1781 divine.

1254 1752 1305 1788 So
1318 1751 1429 1799 freely
1443 1751 1527 1798 spilt
1536 1751 1592 1787 for
1604 1752 1734 1788 me!-

264 1828 290 1864 2
312 1826 441 1864 Before
454 1826 511 1863 his
524 1826 601 1863 feet
613 1826 699 1872 they
715 1830 792 1862 cast
805 1826 898 1863 their
912 1834 1110 1873 crowns,-

1206 1833 1232 1868 2
1256 1832 1291 1869 A
1306 1831 1410 1868 heart
1422 1830 1587 1877 resign'd,
1601 1830 1820 1878 submissive,
1833 1830 1951 1878 meek,

312 1873 428 1910 Those
443 1883 584 1910 crowns
599 1873 717 1909 which
731 1873 839 1910 Jesus
855 1884 979 1921 gave,-

1254 1879 1320 1926 My
1336 1882 1438 1926 great
1452 1877 1678 1915 Redeemer's
1692 1878 1880 1924 throne,-

265 1920 362 1965 And,
379 1920 466 1956 with
481 1924 545 1957 ten
560 1919 738 1957 thousand
753 1920 931 1957 thousand
944 1924 1105 1968 tongues,

1210 1925 1343 1962 Where
1358 1925 1442 1970 only
1459 1924 1578 1962 Christ
1592 1925 1624 1961 is
1637 1924 1749 1962 heard
1763 1929 1802 1962 to
1816 1925 1935 1973 speak,

310 1967 489 2004 Proclaim
503 1967 560 2002 his
574 1976 700 2014 power
713 1971 752 2003 to
766 1976 863 2003 save.

1256 1972 1389 2009 Where
1402 1971 1511 2009 Jesus
1523 1972 1643 2019 reigns
1657 1971 1768 2009 alone.

265 2054 289 2090 3
311 2051 412 2098 They
427 2051 490 2089 tell
505 2051 568 2089 the
583 2050 757 2098 triumphs
775 2051 817 2089 of
833 2051 1000 2098 his cross,

1208 2053 1232 2089 3
1256 2053 1287 2089 O
1302 2052 1357 2089 for
1370 2065 1394 2089 a
1405 2052 1527 2099 lowly,
1544 2052 1694 2090 contrite
1708 2051 1820 2099 heart,

311 2099 387 2136 The
399 2099 588 2145 suff'rings
604 2098 722 2136 which
738 2099 786 2135 he
802 2099 949 2146 bore,-

1253 2099 1446 2147 Believing,
1467 2105 1556 2145 true,
1573 2099 1645 2135 and
1661 2099 1763 2135 clean
1770 2100 1782 2136 !

266 2146 364 2182 How
376 2145 451 2182 low
464 2146 512 2181 he
527 2145 675 2193 stoop'd,
690 2145 777 2182 how
791 2145 877 2193 high
889 2147 937 2183 he
949 2156 1039 2192 rose,

1210 2146 1339 2183 Which
1354 2147 1493 2184 neither
1507 2146 1567 2183 life
1582 2156 1651 2182 nor
1665 2146 1771 2183 death
1787 2157 1854 2182 can
1867 2150 1949 2193 part

312 2193 399 2229 And
413 2204 493 2230 rose
508 2198 546 2229 to
561 2198 664 2239 stoop
678 2204 728 2229 no
742 2204 849 2230 more.

1255 2193 1364 2231 From
1378 2193 1452 2230 him
1467 2193 1547 2230 that
1560 2192 1685 2230 dwells
1699 2192 1844 2230 within:

264 2281 292 2318 4
313 2281 345 2318 O
359 2281 414 2318 let
423 2281 525 2318 them
537 2280 608 2318 still
622 2281 715 2319 their
728 2282 853 2324 voices
862 2282 963 2327 raise,

1207 2273 1234 2309 4
1256 2273 1293 2310 A
1306 2273 1409 2310 heart
1422 2273 1461 2309 in
1477 2283 1588 2320 every
1601 2271 1756 2319 thought
1766 2271 1934 2319 renew'd,

311 2329 400 2365 And
411 2328 481 2365 still
496 2329 588 2365 their
601 2338 710 2375 songs
723 2338 863 2371 renew;

1256 2321 1341 2357 And
1355 2320 1418 2356 full
1432 2320 1474 2356 of
1488 2321 1572 2357 love
1587 2320 1724 2365 divine;

263 2373 445 2413 Salvation
460 2375 543 2412 well
555 2376 722 2413 deserves
737 2376 798 2412 the
808 2377 924 2423 praise

1209 2365 1356 2414 Perfect,
1374 2367 1444 2404 and
1455 2367 1560 2414 right,
1575 2367 1647 2404 and
1660 2373 1758 2415 pure,
1773 2366 1846 2404 and
1861 2365 2020 2416 good,-

313 2421 365 2459 Of
379 2432 464 2459 men
478 2423 551 2458 and
565 2423 688 2470 angels
709 2425 771 2460 too
782 2424 794 2460 !

1256 2415 1293 2451 A
1307 2425 1408 2462 copy,
1425 2414 1529 2460 Lord,
1547 2414 1589 2451 of
1605 2413 1714 2451 thine.

266 2517 359 2569 528

1211 2511 1302 2563 591

496 2539 563 2571 The
575 2540 629 2570 act
643 2540 683 2578 of
687 2540 905 2575 consecration.

1476 2534 1617 2572 Opening
1630 2533 1774 2571 worship.

267 2602 358 2673 LE
395 2602 484 2639 Him
497 2605 538 2639 to
554 2603 678 2640 whom
692 2615 751 2640 we
765 2614 851 2641 now
865 2604 996 2652 belong

1212 2592 1362 2666 ONCE
1375 2603 1475 2630 more
1490 2603 1549 2630 we
1564 2603 1665 2629 come
1679 2592 1801 2629 before
1816 2602 1883 2628 our
1898 2590 2000 2637 God;

341 2649 412 2685 His
424 2650 609 2697 sovereign
625 2649 722 2696 right
734 2653 860 2688 assert!

1284 2640 1382 2678 Once
1396 2650 1496 2676 more
1510 2639 1567 2676 his
1582 2639 1753 2686 blessings
1768 2640 1853 2677 ask:

266 2696 350 2733 And
365 2696 448 2733 take
462 2708 512 2743 up
527 2706 641 2745 every
652 2697 814 2736 thankful
827 2709 925 2747 song,

1210 2687 1240 2724 O
1255 2699 1341 2734 may
1355 2691 1420 2724 not
1434 2687 1523 2734 duty
1538 2697 1637 2725 seem
1653 2698 1676 2723 a
1690 2686 1784 2729 load,

312 2743 397 2780 And
412 2754 520 2792 every
535 2743 659 2792 loving
672 2745 782 2782 heart.

1254 2735 1333 2772 Nor
1347 2734 1501 2781 worship
1517 2743 1630 2781 prove
1645 2745 1668 2770 a
1682 2733 1767 2770 task
1773 2734 1784 2769 !

264 2823 289 2858 2
311 2822 373 2860 He
388 2823 502 2871 justly
517 2822 640 2861 claims
653 2835 698 2861 us
709 2824 765 2862 for
774 2824 831 2862 his
847 2836 939 2872 own,

1209 2821 1234 2855 2
1255 2817 1392 2863 Father,
1409 2816 1476 2863 thy
1493 2815 1607 2865 quick'
1613 2817 1701 2864 ning
1715 2815 1827 2863 Spirit
1838 2815 1928 2854 send

311 2868 412 2908 Who
423 2871 562 2918 bought
575 2882 619 2908 us
633 2872 723 2909 with
737 2883 761 2908 a
773 2873 886 2920 price:

1253 2865 1359 2903 From
1374 2866 1523 2910 heaven,
1539 2866 1591 2902 in.
1595 2863 1710 2901 Jesus'
1726 2872 1842 2909 name,

265 2915 339 2952 The
354 2916 529 2955 Christian
543 2918 633 2955 lives
648 2923 686 2955 to
702 2917 821 2956 Christ
833 2920 944 2966 alone,

1208 2914 1260 2950 To
1273 2912 1379 2949 make
1394 2922 1459 2948 our
1472 2912 1622 2959 waiting
1636 2910 1757 2948 minds
1770 2910 1904 2958 attend,

310 2964 362 3000 To
378 2963 495 3002 Christ
509 2965 612 3003 alone
625 2966 675 3002 he
689 2965 773 3004 dies.

1254 2959 1341 2996 And
1354 2963 1418 3007 put
1435 2970 1501 2996 our
1516 2958 1612 2996 souls
1625 2959 1665 2995 in
1679 2958 1800 2996 frame.

264 3044 288 3080 3
310 3044 425 3091 Jesus,
441 3045 542 3083 thine
557 3056 643 3083 own
659 3050 698 3083 at
711 3046 782 3083 last
795 3046 943 3095 receive,

1209 3044 1232 3080 3
1253 3043 1341 3090 May
1355 3054 1416 3081 we
1430 3044 1570 3081 receive
1587 3042 1650 3080 the
1662 3042 1766 3080 word
1780 3052 1840 3078 we
1853 3040 1947 3087 hear,

309 3090 413 3129 Fulfil
427 3104 494 3130 our
509 3092 640 3131 hearts'
657 3094 792 3136 desire;

1252 3090 1351 3127 Each
1365 3092 1404 3127 in
1419 3102 1467 3127 an
1483 3090 1615 3128 honest
1629 3090 1755 3136 heart;

265 3137 350 3175 And
364 3140 415 3176 let
429 3151 473 3177 us
487 3144 526 3177 to
543 3141 608 3187 thy
624 3141 728 3188 glory
743 3142 822 3187 live,

1210 3138 1293 3176 And
1307 3138 1400 3185 keep
1416 3138 1479 3175 the
1494 3139 1656 3187 precious
1673 3141 1831 3175 treasure
1845 3135 1954 3182 there,

310 3185 395 3222 And
409 3186 448 3223 in
461 3187 528 3236 thy
543 3198 647 3225 cause
662 3188 786 3236 expire
795 3190 806 3225 !

1254 3185 1341 3223 And
1354 3195 1466 3223 never
1482 3185 1574 3222 with
1588 3186 1620 3221 it
1632 3187 1723 3234 part.

264 3269 291 3307 4
311 3269 385 3310 Our
399 3271 494 3310 souls
508 3272 579 3311 and
594 3272 718 3311 bodies
732 3285 791 3311 we
804 3274 939 3322 resign;

1206 3274 1233 3310 4
1253 3274 1306 3310 To
1320 3274 1408 3312 seek
1422 3275 1506 3313 thee
1519 3275 1567 3311 all
1581 3285 1647 3311 our
1666 3273 1787 3311 hearts
1801 3271 1944 3319 dispose,

311 3317 413 3356 With
430 3321 497 3368 joy
514 3332 573 3359 we
588 3321 718 3359 render
733 3321 818 3358 thee

1254 3321 1306 3358 To
1322 3322 1411 3359 each
1425 3323 1492 3370 thy
1508 3322 1679 3369 blessings
1694 3321 1775 3366 suit,

266 3362 339 3401 Our
353 3365 408 3408 all,
425 3377 474 3403 no
490 3368 615 3416 longer
631 3378 723 3416 ours,
739 3369 806 3406 but
819 3367 919 3406 thine

1209 3368 1294 3405 And
1307 3369 1360 3406 let
1373 3371 1436 3407 the
1450 3370 1537 3408 seed
1553 3371 1619 3417 thy
1636 3371 1780 3407 servant
1792 3375 1897 3412 SOWS,

310 3411 362 3449 To
377 3412 425 3450 all
440 3415 603 3464 eternity.

1252 3417 1417 3455 Produce
1432 3417 1615 3456 abundant
1628 3416 1722 3454 fruit.
