1579 2446
701 346 860 381 DEATH.

375 432 398 469 5
421 436 446 469 O
461 435 565 477 Lord,
581 437 706 478 accept
720 436 779 470 the
798 436 914 479 praise

462 479 508 513 Of
525 480 621 513 these
637 489 701 513 our
715 480 856 514 humble
870 488 984 522 songs,

419 522 484 556 Till
498 523 622 556 strains
638 523 676 555 of
693 523 813 555 nobler
827 523 938 557 sound
953 532 1005 556 we
1020 522 1108 556 raise

461 565 552 598 With
568 575 630 599 our
644 565 816 600 immortal
828 569 986 609 tongues.

330 700 409 747 845

697 700 731 734 S.
748 701 792 734 H.
810 701 857 734 M.

956 702 1215 736 MONTGOMERY

504 776 656 814 Friends
671 777 854 823 separated
873 780 917 823 by
933 779 1056 814 Death.

375 855 395 890 1
417 855 484 932 F

489 856 627 891 RIEND
644 858 733 891 after
748 857 861 893 friend
876 859 1021 901 departs
1024 871 1034 899 ;

506 900 593 933 Who
608 901 692 934 hath
709 903 771 934 not
785 902 852 935 lost
866 911 888 934 a
903 901 1014 936 friend
1024 901 1040 934 ?

418 943 528 976 There
542 944 573 976 is
587 953 632 976 no
648 944 754 977 union
768 945 850 977 here
865 945 904 978 of
922 945 1036 979 hearts

459 986 551 1019 That
563 987 652 1020 finds
667 990 727 1020 not
742 988 823 1021 here
839 996 883 1020 an
898 985 965 1021 end
979 999 987 1020 :

374 1029 472 1062 Were
486 1029 556 1063 this
571 1029 650 1063 frail
665 1029 773 1063 world
789 1040 851 1064 our
868 1030 949 1064 final
964 1033 1045 1071 rest,

373 1071 497 1115 Living
511 1081 548 1105 or
564 1073 680 1115 dying,
696 1083 785 1107 none
800 1083 888 1108 were
903 1074 1002 1109 blest.

375 1174 398 1209 2
417 1174 561 1217 Beyond
575 1176 635 1210 the
651 1176 752 1218 flight
767 1177 807 1211 of
823 1178 917 1219 time,

459 1218 604 1261 Beyond
620 1221 678 1253 the
693 1221 792 1262 reign
808 1221 848 1254 of
865 1219 980 1262 death,

417 1262 529 1296 There
544 1262 660 1304 surely
674 1263 706 1296 is
720 1273 814 1297 some
829 1264 967 1299 blessed
982 1265 1085 1299 clime

460 1305 584 1339 Where
598 1306 659 1339 life
674 1308 704 1339 is
719 1310 780 1340 not
794 1317 816 1340 a
830 1307 962 1348 breath,

374 1347 446 1381 Nor
458 1348 549 1382 life's
564 1348 739 1383 affections
754 1351 919 1385 transient
934 1351 1005 1392 fire,

375 1390 500 1425 Whose
515 1392 639 1435 sparks
654 1392 700 1434 fly
715 1393 860 1437 upward
875 1394 943 1428 and
958 1395 1088 1437 expire.

375 1494 395 1527 3
418 1493 528 1527 There
543 1494 573 1527 is
588 1504 610 1528 a
623 1494 731 1529 world
745 1496 864 1537 above,

462 1537 584 1570 Where
598 1539 736 1581 parting
750 1540 781 1572 is
796 1541 980 1581 unknown,

420 1580 450 1613 A
464 1579 547 1623 long
563 1582 708 1623 eternity
724 1583 763 1615 of
779 1582 868 1623 love,

461 1623 608 1657 Formed
624 1625 677 1658 for
692 1625 752 1659 the
766 1626 855 1668 good
871 1626 988 1667 alone;

376 1664 456 1699 And
471 1666 560 1700 faith
574 1667 719 1702 beholds
733 1669 793 1702 the
808 1669 917 1712 dying
931 1670 1015 1704 here

375 1708 578 1744 Translated
592 1713 628 1743 to
644 1711 722 1744 that
734 1713 886 1755 glorious
901 1714 1034 1756 sphere.

374 1811 398 1845 4
418 1812 512 1846 Thus
526 1815 599 1847 star
613 1814 661 1855 by
677 1817 750 1848 star
767 1815 927 1857 declines,

461 1855 529 1889 Till
543 1856 590 1889 all
604 1866 663 1890 are
677 1858 802 1901 passed
818 1867 916 1900 away
925 1871 935 1901 ;

417 1898 467 1932 As
482 1900 639 1942 morning
652 1899 738 1942 high
753 1901 821 1935 and
836 1902 958 1944 higher
972 1903 1099 1946 shines,

460 1942 510 1976 To
524 1951 611 1985 pure
627 1943 694 1977 and
710 1945 843 1987 perfect
857 1946 924 1987 day
937 1958 947 1987 ;

374 1984 447 2018 Nor
460 1985 542 2018 sink
555 1986 655 2020 those
670 1989 757 2021 stars
773 1989 808 2021 in
823 1991 941 2030 empty
955 1989 1064 2032 night,

376 2027 449 2061 But
462 2027 544 2062 hide
559 2029 764 2064 themselves
778 2032 814 2063 in
829 2032 989 2066 heaven's
1005 2042 1079 2066 own
1094 2033 1191 2076 light.

748 2083 813 2118 560
