1590 2414
260 229 326 264 100

671 242 740 265 THE
758 241 924 266 HYMNIST.

527 319 791 350 SOVEREIGN
807 320 973 349 GRACE.
1004 321 1058 349 r/s.

444 515 470 541 1.
489 514 556 541 Sove
570 529 581 535 -
593 516 674 547 reign
703 521 788 548 grace
831 516 883 541 has
927 521 1021 548 power
1086 523 1104 542 a
1151 529 1163 536 -
1207 517 1282 547 lone,

444 722 471 748 2.
490 722 584 748 When
606 723 656 748 the
702 722 778 749 Lord
825 729 882 748 was
915 724 966 748 cru
1010 736 1023 743 -
1066 723 1094 748 ci
1215 723 1280 753 fied,

379 1123 420 1148 To
453 1123 562 1149 subdue
595 1130 613 1149 a

711 1123 797 1149 heart
820 1124 852 1148 of
913 1125 1004 1152 stone,
1040 1123 1105 1149 And
1118 1123 1169 1149 the
1180 1124 1320 1149 mo-ment

378 1321 444 1347 Two
451 1322 657 1353 transgressors
712 1320 783 1345 with
812 1319 873 1345 him
907 1319 970 1346 died
980 1326 988 1349 ;
1006 1320 1066 1345 One
1078 1320 1148 1345 with
1160 1320 1224 1350 vile,
1238 1321 1314 1346 bias-

377 1741 460 1767 grace
473 1734 498 1760 is
559 1733 621 1765 felt,
650 1733 730 1759 Then
742 1734 792 1759 the
825 1734 898 1758 hard
910 1747 921 1753 -
935 1734 977 1758 est
1009 1733 1093 1758 heart
1105 1733 1164 1759 will
1197 1734 1276 1760 melt.

376 1960 515 1992 pheming
526 1961 641 1992 tongue,
654 1958 761 1985 Scoffed
775 1960 806 1983 at
833 1958 869 1983 Je
893 1971 906 1978 -
933 1964 982 1983 sus
1041 1964 1073 1983 as
1134 1958 1171 1984 he
1192 1958 1289 1993 hung!
