1561 2215
641 225 720 253 THE
741 223 867 252 UNION
889 223 1003 252 HARP.

1303 214 1375 254 363

275 309 446 353 Child-

318 367 359 406 2.
378 363 500 411 "Oh,
521 363 712 411 boatman,
736 375 817 404 l'ow
832 376 897 404 me
913 364 995 404 o'er
1011 360 1078 403 the
1093 365 1249 411 stream,

372 417 458 458 The
473 417 573 471 gale,
594 416 619 457 I
634 417 715 457 fear
729 416 764 457 it
778 421 866 461 not;

372 470 444 522 My
458 470 588 525 gentle
604 468 757 511 mother
773 470 882 510 waits
894 468 954 509 for
969 479 1048 516 me,

371 522 522 564 Within
537 534 613 564 our
630 521 762 577 lonely
778 522 884 563 cot."

266 596 515 638 Boatman-

371 649 463 704 Thy
478 649 629 691 mother
638 647 733 704 long
750 647 851 691 shall
866 649 958 689 wait
973 648 1033 690 for
1048 648 1138 691 thee

370 702 421 744 In
438 704 541 750 vain,
561 704 656 744 thou
673 701 827 756 darling
845 699 968 749 child,

370 755 415 796 If
428 755 524 796 thou
540 755 736 796 should'st
752 758 874 808 tempt
888 754 956 796 the
971 754 1112 809 raging
1128 758 1270 796 stream

373 808 494 849 Amid
510 821 535 848 a
551 812 671 849 storm
689 820 736 849 SO
757 807 896 849 wild."

268 880 602 925 Chorus-All-

373 935 456 976 The
473 946 548 977 sun
565 936 603 978 is
619 939 691 983 set,
709 935 775 977 the
793 935 872 977 tide
889 935 928 978 is
943 939 1090 989 strong,

425 988 509 1029 The
524 987 742 1042 lightnings
760 987 916 1041 fiercely
932 987 1072 1041 gleam,

374 1040 467 1082 And
483 1040 603 1083 brave
619 1040 689 1082 the
708 1042 816 1082 heart
830 1042 908 1082 and
925 1045 1063 1095 strong
1078 1038 1144 1081 the
1159 1052 1246 1081 arm

426 1095 528 1135 That
543 1104 647 1135 rows
662 1105 796 1135 across
811 1094 877 1134 the
894 1097 1049 1134 stream.

273 1166 443 1211 Child-

319 1222 359 1263 3.
374 1224 405 1247 "
415 1219 494 1268 Oh,
513 1220 704 1268 boatman,
723 1232 805 1261 row
816 1232 879 1260 me
896 1221 978 1261 o'er
993 1219 1060 1262 the
1076 1223 1230 1268 stream,

375 1273 468 1315 And
485 1273 591 1314 swift
605 1285 679 1314 our
694 1272 792 1314 bark
805 1272 910 1314 shall
922 1271 1042 1327 glide,

372 1324 445 1367 My
460 1325 627 1367 FATHER
642 1325 759 1367 holds
776 1325 842 1367 the
859 1329 1000 1380 raging
1013 1332 1150 1374 storm,

376 1378 468 1420 And
486 1378 607 1420 calms
619 1379 684 1420 the
696 1390 822 1433 angry
834 1378 911 1419 tide
925 1377 976 1418 !"

268 1443 516 1484 Boatman-

376 1494 526 1536 "Then
547 1494 569 1534 I
587 1494 667 1535 will
683 1506 765 1535 l'OW
782 1494 869 1535 thee
884 1497 969 1536 o'er
983 1494 1049 1535 the
1062 1498 1217 1543 stream,

371 1547 417 1588 If
432 1546 517 1588 God
535 1546 614 1588 will
635 1547 685 1587 be
701 1547 772 1601 thy
789 1553 877 1599 stay
889 1559 902 1594 ;

371 1598 504 1642 We'll
520 1598 655 1653 boldly
671 1599 755 1640 ride
771 1599 902 1641 before
918 1599 984 1641 the
1002 1603 1189 1648 storm,-

375 1652 452 1700 Oh,
472 1652 583 1694 haste
605 1653 705 1699 thee,
725 1652 846 1701 child,
864 1664 975 1707 away
988 1650 1041 1693 !"

274 1714 606 1757 Chorus-All-

374 1769 458 1810 The
474 1781 550 1810 sun
567 1769 604 1809 is
620 1773 691 1816 set,
712 1769 778 1810 the
796 1767 902 1810 wind
918 1769 956 1810 is
971 1773 1120 1824 strong,

429 1822 512 1862 The
529 1821 746 1876 lightnings
764 1821 922 1874 fiercely
938 1822 1087 1875 gleam;

374 1874 514 1915 WE'LL
528 1886 650 1915 TRUST
666 1886 712 1914 IN
729 1875 917 1922 HEAVEN,
936 1874 1014 1916 and
1030 1874 1166 1929 boldly
1183 1874 1290 1923 dare,

426 1927 513 1969 The
528 1926 626 1981 deep
638 1926 720 1969 and
745 1926 890 1982 rolling
905 1929 1045 1968 stream
1058 1926 1113 1970 !"
