1667 2537
453 217 636 250 DECREES
659 217 748 249 AND
771 218 1037 252 PROVIDENCE
1062 220 1115 252 OF
1139 219 1234 253 GOD.

1374 212 1427 254 33

311 314 354 366 Q.
371 314 430 353 75.
463 313 595 353 Whom
609 312 683 352 did
700 312 791 354 God
799 316 912 364 from
934 314 1091 364 eternity
1105 314 1370 368 predestinate,
1385 326 1432 356 or

260 361 350 401 elect
360 365 400 400 to
415 358 636 408 everlasting
649 359 751 410 life?

314 409 365 451 A.
395 409 467 450 All
486 409 602 450 those
618 410 717 458 who,
736 409 944 462 accepting
970 410 1034 451 his
1058 411 1240 464 gracious
1266 412 1352 461 call,
1370 424 1432 454 re-

260 465 358 515 pent
374 462 452 503 and
469 461 618 504 believe
634 462 676 502 in
693 463 761 505 the
776 462 884 504 Lord
897 463 1018 504 Jesus
1034 462 1174 515 Christ,
1189 464 1270 506 and
1282 464 1431 507 remain

259 514 414 557 faithful
431 519 475 556 to
492 514 561 556 the
577 515 666 557 end.

312 580 356 631 Q.
372 582 429 619 76.
461 578 557 629 Why
573 579 646 619 did
671 578 762 621 God
787 580 988 621 determine
1006 583 1046 620 to
1061 581 1243 624 condemn
1258 583 1380 623 others
1391 585 1433 623 to

261 628 402 666 eternal
408 626 676 677 punishment?

315 674 365 716 A.
393 675 568 717 Because
586 675 677 728 they
695 674 859 718 resisted
883 676 954 718 the
973 675 1082 728 Holy
1100 675 1243 730 Spirit,
1260 676 1432 732 rejected

261 727 329 769 the
346 728 463 769 offers
479 728 527 769 of
548 738 687 781 mercy,
705 728 784 770 and
800 729 894 771 died
910 730 953 770 in
970 730 1073 771 their
1089 732 1182 772 sins.

313 793 355 844 Q.
372 794 432 834 77.
464 793 579 831 What
591 794 715 832 duties
729 796 819 834 does
834 795 898 834 the
919 794 1090 836 doctrine
1104 798 1151 845 of
1166 796 1296 838 divine
1303 797 1435 850 provi-

262 842 376 880 dence
388 842 542 890 require
551 843 600 890 of
607 852 653 879 us
661 842 685 878 ?

316 889 365 932 A.
395 890 503 931 That
515 901 572 930 we
584 888 727 932 should
737 889 955 943 habitually
968 892 1174 945 recognize
1188 891 1255 934 the
1266 891 1435 945 fatherly

261 941 368 984 hand
385 942 432 983 of
454 941 546 984 God
571 943 613 983 in
630 942 686 984 all
702 942 848 997 things,
869 943 947 984 and
966 956 1064 996 pray
1080 945 1144 986 for
1160 945 1222 986 his
1239 944 1434 999 guidance

261 996 341 1037 and
359 996 594 1048 protection,
614 1008 660 1037 as
676 997 762 1037 well
778 1008 824 1038 as
840 997 891 1038 be
908 999 1062 1051 patient
1077 998 1121 1038 in
1139 997 1337 1051 adversity
1355 998 1435 1040 and

262 1048 422 1102 humbly
438 1048 615 1091 thankful
632 1049 675 1090 in
691 1049 929 1105 prosperity.

263 1177 384 1226 might
406 1177 476 1216 feel
498 1178 595 1217 after
609 1178 695 1225 him,
711 1179 785 1218 and
809 1179 886 1218 find
907 1179 996 1226 him,
1012 1180 1152 1232 though
1169 1182 1218 1221 he
1230 1183 1279 1222 be
1293 1186 1363 1223 not
1377 1185 1435 1223 far

262 1225 356 1263 from
372 1234 481 1273 every
497 1236 567 1263 one
584 1225 626 1263 of
644 1236 709 1265 us:
732 1226 789 1264 for
810 1228 850 1265 in
871 1227 947 1264 him
963 1239 1018 1265 we
1038 1228 1122 1273 live,
1138 1229 1211 1268 and
1226 1239 1343 1277 move,
1359 1231 1435 1270 and

262 1271 357 1309 have
373 1283 440 1309 our
454 1272 583 1318 being;
615 1284 659 1310 as
682 1274 820 1312 certain
846 1273 924 1311 also
941 1274 983 1311 of
998 1284 1093 1321 your
1113 1287 1196 1314 own
1217 1280 1327 1325 poets
1339 1278 1436 1318 have

262 1318 352 1362 said,
368 1318 447 1356 For
464 1329 518 1356 we
534 1330 596 1356 are
611 1320 691 1357 also
705 1319 764 1357 his
779 1320 967 1369 offspring.
1002 1321 1103 1361 Heb.
1119 1323 1146 1361 i.
1162 1324 1197 1361 3.
1232 1324 1313 1363 Jer.
1326 1335 1362 1363 V.
1375 1326 1433 1363 24.

264 1365 363 1403 Acts
384 1366 461 1403 xiv.
482 1365 551 1403 17:
578 1365 843 1405 Nevertheless
865 1368 913 1405 he
933 1368 1003 1405 left
1026 1371 1094 1406 not
1114 1368 1264 1408 himself
1281 1372 1437 1410 without

263 1413 420 1456 witness,
436 1413 475 1447 in
498 1412 584 1448 that
606 1411 654 1449 he
676 1412 740 1450 did
762 1413 873 1459 good,
889 1414 963 1452 and
979 1425 1072 1462 gave
1086 1426 1130 1453 us
1145 1417 1225 1454 rain
1240 1416 1333 1455 from
1350 1418 1436 1456 hea-

263 1468 346 1502 ven,
362 1458 436 1496 and
450 1456 592 1495 fruitful
609 1468 768 1505 seasons,
784 1460 905 1509 filling
928 1471 996 1498 our
1017 1462 1141 1500 hearts
1157 1463 1245 1501 with
1258 1463 1346 1502 food
1362 1465 1435 1503 and

262 1504 444 1552 gladness.
482 1503 589 1544 John
602 1506 653 1543 ix.
672 1507 706 1544 3.
747 1506 862 1547 Prov.
878 1509 969 1545 xxii.
986 1509 1020 1546 2.
1074 1508 1152 1546 Job
1166 1511 1192 1547 i.
1208 1511 1269 1550 21.
1319 1511 1433 1550 Matt.

263 1560 302 1589 X.
319 1553 460 1596 29,30:
486 1552 564 1589 Are
579 1555 647 1589 not
661 1554 734 1590 two
749 1563 931 1601 sparrows
945 1554 1027 1592 sold
1043 1555 1100 1593 for
1114 1568 1139 1593 a
1147 1557 1333 1606 farthing?
1361 1559 1436 1596 and

263 1607 337 1635 one
356 1598 399 1635 of
421 1598 523 1636 them
544 1598 643 1636 shall
666 1603 735 1637 not
755 1600 822 1638 fall
844 1612 892 1639 on
914 1601 979 1639 the
1001 1603 1146 1649 ground
1165 1604 1320 1643 without
1343 1616 1437 1653 your

264 1642 417 1684 Father.
464 1645 544 1683 But
562 1644 629 1683 the
649 1656 739 1694 very
760 1646 859 1685 hairs
875 1647 917 1685 of
934 1658 1028 1695 your
1053 1648 1150 1687 head
1171 1661 1234 1688 are
1257 1652 1310 1689 all
1331 1662 1436 1689 num-

262 1690 383 1730 bered.

312 1737 359 1785 Q.
384 1739 441 1777 75.
488 1738 599 1778 Rom.
615 1740 690 1778 viii.
708 1741 774 1779 29:
801 1739 880 1778 For
893 1740 1011 1779 whom
1028 1741 1077 1779 he
1099 1741 1162 1780 did
1177 1743 1373 1789 foreknow,
1387 1745 1436 1783 he

263 1785 343 1823 also
358 1785 419 1823 did
434 1785 682 1833 predestinate
696 1788 739 1825 to
753 1787 801 1825 be
818 1788 1025 1827 conformed
1041 1792 1082 1827 to
1097 1789 1163 1827 the
1176 1790 1297 1838 image
1313 1792 1356 1829 of
1377 1792 1437 1830 his

265 1831 355 1876 Son,
367 1832 451 1869 that
462 1833 509 1870 he
521 1833 639 1881 might
652 1833 701 1871 be
715 1833 781 1872 the
795 1833 969 1873 firstborn
983 1845 1119 1884 among
1130 1846 1238 1883 many
1247 1838 1434 1879 brethren.

263 1879 286 1916 1
303 1878 390 1918 Pet.
406 1880 433 1916 i.
450 1880 483 1917 2
522 1879 633 1918 Elect
644 1880 843 1929 according
857 1883 900 1919 to
912 1881 978 1919 the
990 1882 1283 1932 foreknowledge
1295 1885 1339 1923 of
1351 1885 1437 1925 God

263 1925 329 1963 the
343 1924 493 1969 Father,
509 1925 673 1976 through
687 1929 958 1967 sanctification
970 1929 1013 1966 of
1022 1929 1087 1967 the
1102 1929 1231 1978 Spirit,
1244 1935 1335 1969 unto
1350 1933 1436 1970 obe-

265 1972 393 2010 dience
407 1973 479 2010 and
495 1974 698 2023 sprinkling
711 1974 753 2012 of
764 1975 830 2013 the
841 1974 952 2013 blood
964 1975 1007 2013 of
1017 1975 1131 2014 Jesus
1145 1976 1295 2017 Christ :
1314 1978 1436 2018 Grace

264 2022 355 2057 unto
368 2030 453 2066 you,
470 2021 544 2057 and
558 2032 682 2068 peace,
698 2022 746 2059 be
761 2022 977 2068 multiplied.

313 2065 361 2111 Q.
385 2067 443 2104 76.
491 2066 603 2104 Mark
617 2070 693 2106 xvi.
711 2069 779 2108 16:
806 2069 870 2107 He
892 2069 978 2107 that
998 2069 1182 2108 believeth
1204 2071 1277 2109 and
1299 2071 1333 2110 is
1347 2072 1436 2121 bap-

263 2112 365 2152 tized
377 2112 474 2150 shall
495 2114 542 2150 be
565 2114 700 2158 saved;
728 2116 798 2154 but
816 2116 866 2154 he
887 2116 974 2154 that
996 2117 1178 2155 believeth
1196 2123 1264 2156 not
1277 2118 1374 2157 shall
1388 2120 1436 2158 be

265 2160 432 2197 damned.
481 2160 589 2200 Rom.
605 2162 681 2200 viii.
697 2164 756 2201 29.

312 2205 360 2252 Q.
385 2207 444 2245 77.
491 2207 601 2245 Deut.
620 2209 695 2248 viii.
712 2210 760 2247 1:
784 2210 908 2248 When
930 2210 1023 2248 thou
1045 2210 1131 2249 hast
1145 2214 1253 2250 eaten
1275 2212 1349 2251 and
1374 2218 1435 2252 art

265 2251 343 2299 full,
358 2253 448 2291 then
464 2253 554 2291 thou
569 2254 670 2292 shalt
682 2256 781 2295 bless
796 2257 861 2295 the
876 2257 987 2297 LORD
1001 2258 1070 2307 thy
1086 2258 1170 2297 God
1185 2259 1243 2298 for
1257 2259 1322 2298 the
1335 2261 1435 2309 good
