1543 2217
628 158 758 201 LOVE,
786 157 883 198 JOY,
907 158 1058 190 PEACE.

398 251 421 285 2
442 248 558 284 There
569 247 609 289 is,
627 248 728 282 there
742 247 782 290 is,
799 245 838 281 in
855 245 938 291 Thy
952 244 1042 290 holy
1057 244 1184 289 Word,

485 292 569 337 Thy
583 291 701 327 Word
716 290 834 326 which
850 300 916 325 can
932 289 992 324 ne'
989 301 1026 324 er
1042 289 1178 335 depart,

441 336 559 371 There
572 336 602 369 is
616 345 639 370 a
652 335 806 382 promise
821 335 863 369 of
881 344 1002 379 mercy
1017 333 1137 370 stored

485 380 560 415 For
574 379 673 415 them
688 379 769 414 who
782 389 844 414 are
856 378 967 423 lowly
982 378 1025 413 of
1041 378 1155 413 heart.

444 424 546 470 "My
561 423 656 469 yoke
669 425 701 458 is
716 433 809 469 easy,
825 433 888 467 my
901 421 1037 458 burden
1052 422 1193 469 light-

487 469 518 503 O
535 478 635 503 come
649 471 736 503 unto
752 478 811 502 me
827 468 885 502 for
899 466 1017 502 rest!"

441 511 538 556 This,
553 511 626 547 this
640 512 671 546 is
684 512 746 547 the
760 511 914 558 promise
929 511 970 545 of
986 520 1118 556 mercy,
1134 509 1253 548 stored

1238 523 1348 575 CAS

485 556 561 593 For
575 555 638 592 the
651 554 826 593 wounded
841 555 913 591 and
928 565 1048 602 weary
1062 555 1189 592 breast.

354 731 472 779 247.

775 728 835 772 8s.
858 726 918 769 M.

447 807 466 839 1
491 803 587 840 How
600 802 760 849 precious
775 802 881 838 when
895 801 973 837 first
986 800 1010 836 I
1023 797 1190 842 believed,

535 847 609 884 Did
624 847 729 883 Jesus
743 857 809 892 my
824 846 976 882 Saviour
993 846 1141 892 appear!

490 891 615 928 When
629 891 706 926 him
721 901 760 925 as
774 900 839 935 my
852 888 953 925 Lord
967 889 992 924 I
1003 886 1175 933 received,

474 948 493 981 S

535 936 591 971 To
604 946 665 971 me
678 935 792 971 above
805 935 855 969 all
871 934 919 969 he
934 944 1008 969 was
1020 934 1115 970 dear.

491 980 557 1015 All
572 980 687 1027 glory,
701 979 897 1022 dominion,
915 977 987 1013 and
1000 977 1125 1024 praise,

537 1024 590 1059 To
605 1024 683 1058 him
699 1022 780 1058 who
793 1022 882 1058 hath
898 1021 1003 1058 loved
1018 1031 1059 1057 us
1072 1021 1119 1057 be
1131 1021 1251 1067 given,
1286 1029 1307 1059 8

495 1068 555 1114 By
569 1069 618 1103 all
635 1067 714 1103 who
730 1078 777 1102 on
794 1067 894 1102 earth
910 1066 980 1102 feel
995 1065 1050 1101 his
1064 1075 1179 1112 grace,

539 1113 597 1157 By
612 1112 663 1147 all
675 1111 754 1147 who
769 1111 897 1148 behold
911 1110 989 1145 him
1003 1110 1042 1144 in
1056 1110 1205 1146 heaven.
1222 1114 1266 1148 T'

445 1196 470 1230 2
490 1193 598 1230 With
612 1194 678 1238 joy
693 1192 798 1228 when
809 1203 874 1237 my
889 1202 958 1237 cup
972 1190 1129 1228 runneth
1144 1191 1225 1234 o'er,

535 1237 659 1273 When
671 1236 791 1272 smiles
804 1236 877 1271 this
891 1236 975 1271 vain
992 1235 1105 1271 world
1116 1239 1213 1280 upon
1228 1245 1295 1280 me,

490 1282 562 1328 My
575 1281 652 1317 soul
666 1281 697 1316 is
711 1279 938 1325 transported
952 1279 1026 1314 still
1044 1288 1144 1315 more

539 1325 608 1371 My
622 1324 784 1371 precious
801 1324 996 1359 Redeemer
1010 1327 1050 1359 to
1060 1333 1127 1358 see.

493 1370 699 1412 Dominion,
718 1368 790 1403 and
806 1368 919 1414 glory,
935 1368 1007 1403 and
1020 1367 1148 1413 might,

539 1414 696 1449 Forever
712 1412 783 1447 and
799 1423 883 1447 ever
897 1413 941 1447 be
953 1411 1047 1456 paid,

493 1459 549 1495 To
565 1458 669 1493 Jesus
684 1468 749 1492 our
768 1456 842 1502 Joy
856 1455 930 1492 and
944 1455 1102 1502 Delight,

540 1503 590 1538 In
605 1501 707 1537 robes
722 1500 764 1535 of
783 1501 961 1537 salvation
980 1498 1142 1547 arrayed.

1235 1514 1357 1562 ,APS

453 1590 475 1623 3
497 1586 605 1622 Thro'
627 1584 762 1620 death's
777 1584 921 1631 gloomy
937 1584 1019 1620 vale
1033 1583 1137 1620 when
1150 1582 1175 1618 I
1187 1582 1302 1628 tread,

544 1630 632 1665 And
647 1630 752 1665 when
767 1630 830 1664 the
842 1628 981 1675 grave's
994 1630 1124 1663 terrors
1137 1637 1280 1674 appear,

498 1675 561 1711 No
576 1674 712 1720 danger
727 1684 768 1709 or
783 1674 853 1708 evil
869 1672 942 1709 I'll
956 1671 1073 1714 dread,

543 1719 617 1754 For
632 1719 746 1761 Jesus,
761 1727 828 1762 my
841 1716 950 1761 Lord,
965 1716 1041 1751 will
1053 1716 1095 1750 be
1109 1716 1225 1751 there:

497 1763 567 1798 His
578 1763 713 1808 praises
730 1762 870 1797 forever
885 1760 987 1797 we'll
1005 1760 1088 1805 sing

541 1807 681 1844 Who's
697 1806 836 1851 willing
850 1804 922 1840 and
937 1805 1078 1850 mighty
1091 1807 1130 1839 to
1142 1812 1238 1848 save,

496 1851 599 1888 Who
613 1851 701 1886 took
718 1850 812 1885 from
826 1850 889 1885 the
902 1852 1060 1884 monster
1074 1848 1132 1883 his
1147 1848 1256 1893 sting,

544 1895 633 1932 And
646 1894 783 1942 spoiled
798 1894 841 1930 of
859 1894 906 1929 its
919 1896 1034 1929 terror
1047 1893 1109 1929 the
1122 1902 1243 1939 grave.

811 1951 875 1984 148
