1382 2180
225 259 329 294 RITES,
346 259 400 286 &C.

678 256 718 287 58

986 262 1149 288 MISSIONS.

643 331 744 371 393

582 395 643 425 For
652 396 702 424 the
713 397 800 427 Jews.

305 454 331 484 1.
353 452 507 483 Disown'd
518 453 554 481 of
569 453 695 491 Heav'n,
703 453 744 488 by
753 460 823 482 man
836 458 962 490 opprest,

392 491 529 521 Outcasts
539 491 614 520 from
626 492 725 521 Sion's
736 492 876 522 hallow'd
885 493 1006 529 ground,

354 529 526 560 Wherefore
538 530 641 560 should
654 530 772 560 Israel's
784 538 868 567 sons,
879 538 957 560 once
969 530 1060 567 blest,

391 569 457 598 Still
467 576 549 598 roam
560 570 611 598 the
621 569 758 606 scorning
767 570 859 599 world
869 569 999 599 around?

300 626 330 655 2.
350 625 435 654 Lord
438 625 448 653 !
466 625 536 654 visit
546 625 614 660 Thy
622 624 764 654 forsaken
775 628 861 654 race!

390 663 473 692 Back
482 667 513 692 to
524 664 592 699 Thy
603 663 678 692 Fold
690 664 739 692 the
752 664 910 693 wand'rers
923 664 1006 699 bring
1012 664 1021 693 !

352 701 454 731 Teach
465 702 545 731 them
556 706 588 731 to
599 703 672 731 seek
682 702 751 738 Thy
761 702 884 738 slighted
895 709 994 739 grace,

391 740 458 769 And
468 741 529 769 hail
539 741 571 769 in
583 740 681 771 Christ
691 741 767 770 their
777 741 917 777 promis'd
929 741 1018 777 King.

302 797 330 827 3.
349 797 416 826 The
428 797 490 826 veil
501 797 537 825 of
544 797 684 827 darkness
690 798 768 826 rend
779 797 814 826 in
825 798 917 827 twain

392 834 505 865 Which
515 836 600 865 hides
611 837 687 865 their
698 836 827 866 Shiloh's
838 837 964 872 glorious
975 836 1058 871 light;

352 874 418 903 The
431 874 547 903 sever'd
562 874 762 905 olive-branch
774 875 859 910 again

390 912 468 942 Firm
480 916 511 942 to
521 913 561 942 its
573 918 677 948 parent
686 914 772 943 stock
784 914 877 943 unite.

300 971 330 999 4.
352 969 420 998 Hail
432 969 442 997 !
459 969 588 1005 glorious
603 968 671 1005 day,
682 970 825 1005 expected
836 970 907 1005 long
913 970 923 1000 !

391 1007 491 1036 When
502 1007 569 1036 Jew
580 1008 638 1036 and
650 1008 746 1037 Greek
758 1015 815 1037 one
827 1009 924 1044 pray'r
933 1010 1009 1038 shall
1027 1016 1109 1044 pour;

352 1046 434 1075 With
448 1052 534 1081 eager
543 1046 606 1075 feet
616 1052 672 1075 one
684 1047 791 1082 temple
803 1047 919 1083 throng,

391 1085 474 1113 With
485 1085 608 1120 grateful
625 1086 721 1120 praise
734 1085 799 1114 One
810 1085 888 1115 Lord
901 1085 998 1115 adore.

631 1159 734 1198 394

340 1222 368 1253 1.
389 1222 445 1257 Oh,
456 1222 521 1251 that
532 1223 583 1251 the
596 1222 701 1252 Lord's
712 1224 856 1254 salvation

431 1260 518 1290 Were
531 1265 584 1290 out
594 1262 629 1290 of
642 1261 717 1290 Zion
730 1268 827 1297 come;

388 1299 436 1327 To
446 1299 514 1328 heal
527 1299 581 1328 His
600 1300 720 1329 ancient
729 1300 842 1335 nation,

426 1338 473 1367 To
483 1338 550 1367 lead
563 1338 618 1367 His
630 1341 764 1368 outcasts
774 1339 863 1369 home
872 1339 882 1370 !

390 1376 467 1405 How
477 1377 547 1413 long
557 1377 608 1405 the
620 1377 697 1412 Holy
709 1377 776 1412 City

427 1415 509 1444 Shall
521 1415 648 1445 heathen
660 1416 722 1445 feet
732 1416 855 1451 profane
859 1416 872 1444 ?

387 1453 511 1490 Return,
522 1455 548 1482 O
562 1453 646 1483 Lord
645 1455 654 1481 !
672 1455 705 1482 in
718 1455 790 1490 pity;

426 1491 549 1521 Rebuild
559 1493 614 1521 her
624 1493 709 1522 walls
722 1493 807 1529 again
816 1493 826 1521 !

336 1551 367 1580 2.
387 1550 446 1579 Let
455 1550 507 1578 fall
518 1551 571 1585 thy
583 1552 637 1581 rod
649 1550 685 1579 of
697 1553 801 1586 terror;

425 1589 493 1624 Thy
503 1590 607 1624 saving
623 1595 709 1625 grace
723 1589 840 1624 impart:

390 1626 454 1656 Roll
472 1627 549 1656 back
561 1628 611 1656 the
623 1628 688 1656 veil
700 1628 736 1656 of
750 1634 841 1664 error;

414 1665 538 1695 Release
551 1666 601 1694 the
612 1665 732 1696 fetter'd
744 1667 831 1696 heart
837 1667 847 1695 !

387 1705 445 1734 Let
456 1704 557 1740 Israel,
569 1704 657 1734 home
669 1705 829 1743 returning,

427 1743 490 1771 Her
499 1744 558 1772 lost
569 1743 701 1773 Messiah
712 1750 776 1778 see;

389 1781 464 1811 Give
478 1782 519 1810 oil
532 1782 567 1810 of
576 1782 630 1817 joy
640 1782 685 1811 for
695 1782 859 1819 mourning,

428 1820 494 1850 And
507 1820 576 1849 bind
587 1819 656 1856 Thy
667 1821 783 1852 Church
796 1825 828 1850 to
840 1821 940 1851 Thee!
