1255 1820
428 271 508 299 THE
534 265 725 298 SAVIOUR.

925 255 975 292 37

396 420 514 455 THE
526 417 773 453 SAVIOUR.

198 502 249 548 41

522 497 566 539 C.
595 497 648 538 M.

198 571 227 604 I
240 567 311 602 SEE
323 564 383 601 the
396 563 481 599 kind
496 559 685 605 Shepherd,
713 561 824 603 Jesus,
852 561 982 602 stands,

284 609 381 644 With
391 609 441 643 all
453 608 625 653 engaging
634 606 787 645 charms;

241 653 354 695 Hark,
366 653 446 688 how
458 651 505 686 he
514 650 598 686 calls
611 651 672 685 the
685 650 806 685 tender
816 648 939 687 lambs,

285 697 365 732 And
379 695 468 731 folds
481 696 577 731 them
589 695 628 729 in
642 694 701 730 his
719 701 814 730 arms
820 695 832 728 !

200 768 228 800 2
238 764 403 798 "Permit
416 763 510 797 them
520 764 560 797 to
572 761 770 805 approach,"
785 760 835 796 he
847 760 946 804 cries,

287 808 392 843 "Nor
405 816 507 842 scorn
519 806 613 841 their
626 805 767 840 humble
779 813 896 844 name;

243 852 311 886 For
323 852 420 886 'twas
431 854 470 885 to
484 850 577 887 bless
590 849 675 885 such
689 849 784 884 souls
794 858 834 883 as
845 847 958 888 these,

285 894 359 930 The
369 894 463 930 Lord
477 894 516 929 of
524 893 645 941 angels
659 893 782 929 came."

202 967 225 998 3
236 961 335 997 He'll
347 961 426 996 lead
438 971 482 995 us
491 962 529 995 to
538 960 600 996 the
611 960 785 1005 heavenly
797 962 953 999 streams,

291 1005 415 1041 Where
426 1004 538 1051 living
554 1007 679 1040 waters
691 1003 791 1043 flow;

246 1049 326 1085 And
335 1050 439 1095 guide
452 1058 494 1084 us
506 1053 546 1084 to
557 1048 620 1083 the
632 1047 767 1083 fruitful
779 1047 888 1086 fields,

287 1094 413 1129 Where
426 1095 454 1128 ti
461 1102 520 1127 ees
532 1092 571 1127 of
580 1092 779 1137 knowledge
792 1102 901 1138 grow.

199 1168 226 1204 4
246 1168 321 1203 The
333 1167 480 1202 feeblest.
486 1165 582 1201 lamb
596 1165 721 1201 amidst
730 1165 792 1201 the
800 1164 900 1203 flock,

289 1211 387 1248 Shall
402 1211 444 1246 be
457 1211 507 1245 its
521 1209 705 1254 Shephord
710 1211 734 1244 is
748 1207 844 1245 care*:

247 1256 360 1291 While
370 1254 486 1290 folded
498 1255 536 1289 in
550 1254 613 1289 the
625 1254 800 1289 Saviour's
818 1263 921 1294 arms,

291 1299 491 1334 We'reisafe
501 1299 591 1333 from
606 1304 714 1343 every
727 1306 837 1333 share.

206 1357 258 1403 42

410 1354 458 1396 L.
475 1354 530 1395 M.
557 1351 779 1408 (CHORUS.)

206 1425 223 1458 1
246 1422 381 1457 IKNOW
393 1420 451 1455 'tis
463 1418 563 1453 Jesus
574 1417 672 1452 loves
684 1425 746 1461 my
758 1415 846 1458 soul,

247 1465 328 1500 And
341 1464 459 1498 makes
468 1463 529 1497 the
543 1461 709 1496 wounded
722 1461 839 1495 sinner
862 1459 986 1496 whole

249 1510 311 1555 My
326 1508 447 1542 nature
460 1507 499 1541 is
505 1505 555 1551 by
569 1505 623 1540 sin
637 1503 771 1546 defiled,

252 1554 320 1588 Yet
332 1552 432 1587 Jesus
444 1551 545 1587 loves
555 1559 577 1584 a
588 1549 683 1584 little
699 1548 802 1584 child.
