2095 3189
278 279 331 318 80

647 278 859 321 SELECT
893 278 1092 319 HYMNS
1126 278 1245 318 AND
1279 276 1476 319 TUNES.

295 432 452 472 SAVIOR,
465 432 566 465 LIKE
581 433 608 466 A
625 431 838 465 SHEPHERD
854 431 961 462 LEAD
977 431 1036 464 US.

1081 431 1254 464 CHRIST'S
1270 429 1505 463 UNIVERSAL
1522 430 1606 462 AND
1622 429 1848 463 EVERLAST-

1318 474 1394 507 ING
1409 473 1607 507 KINGDOM.

500 497 571 533 Key
581 497 618 526 D.
652 497 695 530 8s,
706 497 741 525 7s
750 497 774 525 &
782 497 826 525 4s.

309 552 329 580 1
343 552 470 585 SAVIOR,
481 552 545 581 like
555 561 574 581 a
584 551 740 586 shepherd
752 551 820 580 lead
832 557 879 584 us,

1119 540 1239 569 TUNE-
1265 540 1359 569 Duke
1369 540 1499 569 Street."
1533 540 1604 574 Key
1614 534 1681 579 Eb.
1715 540 1752 568 L.
1764 540 1806 568 M.

377 586 471 614 Much
483 593 528 614 we
538 586 617 614 need
628 586 683 619 thy
693 584 850 613 tenderest
859 591 928 614 care
938 593 948 618 ;

342 619 382 647 In
390 618 446 652 thy
457 619 593 655 pleasant
602 620 742 653 pastures
752 618 821 646 feed
832 624 881 652 us,

1110 605 1126 632 1
1143 605 1234 633 JESUS
1245 604 1325 633 shall
1336 604 1420 639 reign
1431 605 1578 634 where'er
1588 604 1642 634 the
1652 611 1713 634 sun

377 653 439 680 For
449 659 507 680 our
516 659 572 680 use
582 653 636 685 thy
648 651 728 680 folds
739 657 875 685 prepare.

1145 638 1227 666 Does
1238 638 1288 666 his
1298 643 1475 668 successive
1484 637 1628 673 journeys
1638 645 1696 667 run
1704 645 1714 669 ;

412 685 540 713 Blessed
550 685 652 717 Jesus,
663 684 784 713 blessed
795 685 898 717 Jesus,

1145 671 1202 699 His
1214 670 1362 707 kingdom
1374 672 1484 705 spread
1495 672 1573 700 from
1584 672 1675 700 shore
1686 673 1717 699 to
1728 671 1830 703 shore,

1144 704 1202 731 Till
1213 712 1322 732 moons
1333 705 1413 732 shall
1424 711 1489 732 wax
1500 705 1561 732 and
1571 711 1654 732 wane
1664 711 1704 732 no
1715 710 1812 733 more.

376 719 465 747 Thou
478 718 547 746 hast
557 718 676 753 bought
685 724 731 750 us,
744 717 830 745 thine
840 724 885 745 we
894 724 961 748 are;

411 751 538 780 Blessed
547 752 651 784 Jesus,
661 750 783 779 blessed
793 750 896 783 Jesus,

377 785 466 814 Thou
478 784 549 813 hast
559 784 676 821 bought
686 790 732 817 us,
743 784 828 812 thine
840 791 885 812 we
894 790 957 812 are.

1109 782 1129 807 2
1145 782 1237 809 From
1247 782 1338 809 north
1348 783 1381 809 to
1392 782 1484 809 south
1494 781 1549 809 the
1562 788 1681 816 princes
1692 782 1785 814 meet,

1145 815 1189 842 To
1203 821 1260 849 pay
1270 815 1351 843 their
1361 814 1494 850 homage
1506 816 1537 842 at
1549 815 1597 842 his
1608 814 1673 843 feet

308 862 329 889 2
344 861 400 890 We
409 868 462 889 are
472 861 566 893 thine,
579 862 620 889 do
630 861 706 889 thou
717 860 852 890 befriend
865 867 912 893 us,

1146 847 1246 876 While
1254 850 1381 876 western
1392 850 1527 882 empires
1538 854 1603 875 own
1615 847 1694 874 their
1704 846 1795 880 Lord,

376 895 421 923 Be
432 895 485 923 the
496 894 647 923 Guardian
659 894 694 922 of
704 901 760 922 our
770 900 852 928 way;

1144 881 1211 909 And
1223 887 1334 916 savage
1344 881 1437 910 tribes
1448 881 1551 909 attend
1562 880 1612 909 his
1622 879 1725 908 Word.

343 928 436 963 Keep
445 928 501 962 thy
511 927 602 960 flock,
613 928 691 956 from
704 928 751 955 sin
763 926 873 955 defend
886 933 934 959 us,

374 962 455 989 Seek
468 967 506 988 us
515 961 604 988 when
613 967 659 988 we
670 966 709 992 go
720 963 829 994 astray.

1109 959 1128 985 3
1143 958 1188 985 To
1199 957 1265 986 him
1277 957 1355 987 shall
1368 957 1491 986 endless
1502 964 1610 993 prayer
1621 957 1660 985 be
1670 956 1772 990 made,

409 994 538 1023 Blessed
547 994 649 1026 Jesus,
662 992 783 1022 blessed
794 993 896 1026 Jesus,

1144 990 1209 1019 And
1222 991 1344 1019 endless
1356 992 1471 1025 praises
1482 997 1581 1019 crown
1593 990 1641 1018 his
1652 989 1751 1021 head;

375 1027 459 1056 Hear
467 1034 572 1063 young
581 1027 719 1057 caildren
729 1027 817 1056 when
828 1028 902 1061 they
911 1032 994 1062 pray.

1145 1024 1201 1051 His
1212 1030 1312 1056 name,
1323 1024 1389 1052 like
1400 1026 1493 1053 sweet
1504 1024 1652 1059 perfume,
1664 1023 1742 1051 shall
1755 1022 1817 1052 rise

1145 1056 1226 1085 With
1238 1063 1330 1092 every
1340 1057 1481 1092 morning
1491 1057 1636 1086 sacrifice.

307 1106 326 1133 3
341 1105 430 1133 Thou
441 1105 512 1133 hast
521 1112 574 1139 pro
580 1104 677 1133 mised
688 1104 720 1133 to
730 1104 849 1133 receive
859 1110 908 1137 us,

374 1139 454 1166 Poor
462 1138 522 1166 and
533 1140 561 1166 si
568 1137 623 1166 ful
633 1137 751 1171 though
762 1144 806 1166 we
817 1137 867 1168 be

1109 1133 1129 1160 4
1144 1132 1258 1167 People
1268 1133 1327 1162 and
1338 1134 1453 1164 realms
1464 1133 1498 1161 of
1509 1140 1600 1168 every
1612 1133 1724 1168 tongue

342 1171 431 1199 Thou
442 1171 513 1198 hast
523 1177 551 1198 IY
558 1177 630 1204 ercy
640 1173 672 1198 to
683 1170 798 1198 relieve
810 1176 856 1201 us,

1146 1166 1237 1194 Dwell
1250 1174 1288 1195 on
1300 1166 1349 1195 his
1359 1166 1428 1195 love
1437 1166 1508 1195 with
1519 1168 1659 1195 sweetest
1670 1173 1756 1201 song,

375 1205 471 1233 Grace
482 1207 514 1231 to
528 1207 654 1236 cleanse,
665 1204 726 1231 and
739 1210 838 1237 power
848 1205 880 1230 to
890 1203 963 1231 free.

1145 1199 1209 1227 And
1221 1199 1313 1227 infant
1324 1200 1426 1232 voices
1436 1200 1515 1228 shall
1527 1201 1672 1233 proclaim

409 1237 538 1266 Blesse
548 1237 651 1269 Jesus,
664 1236 787 1265 blessed
798 1236 900 1269 Jesus,

1143 1232 1237 1260 Their
1246 1232 1329 1267 early
1340 1233 1492 1267 blessings
1503 1240 1542 1261 on
1554 1233 1603 1261 his
1614 1238 1715 1262 name.

374 1270 436 1299 Let
445 1278 482 1299 us
492 1270 576 1305 early
586 1271 656 1298 turn
666 1271 698 1298 to
710 1271 791 1298 thee.

306 1349 327 1376 4
342 1347 434 1382 Early
444 1347 490 1376 let
500 1354 539 1375 us
548 1346 626 1375 seek
636 1347 693 1380 thy
702 1346 794 1379 favor,

376 1381 468 1414 Early
479 1381 523 1408 let
535 1387 571 1408 us
582 1381 623 1408 do
634 1380 689 1413 thy
700 1379 761 1408 will
769 1386 778 1410 ;

341 1414 469 1441 Blessed
483 1414 561 1441 Lord
573 1414 632 1441 and
643 1414 713 1446 only
723 1413 835 1444 Savior,

1291 1403 1429 1435 HAPPY
1447 1403 1640 1435 MEETING.

376 1447 457 1475 With
471 1447 525 1480 thy
535 1447 605 1474 love
617 1453 674 1474 our
684 1446 809 1473 bosoms
821 1445 873 1473 fill.

410 1480 535 1508 Blessed
546 1480 649 1511 Jesus,
661 1478 782 1507 blessed
793 1479 897 1511 Jesus,

1077 1468 1198 1497 TUNE-
1225 1468 1337 1503 Happy
1348 1468 1491 1503 Greeting
1501 1470 1533 1496 to
1543 1468 1614 1497 all."
1645 1468 1715 1504 Key
1727 1468 1763 1498 E.
1784 1470 1843 1498 11s.

373 1513 464 1541 Thou
475 1512 546 1541 hast
555 1513 645 1540 loved
658 1519 706 1545 us,
717 1513 762 1540 lov
799 1519 835 1540 us
847 1512 921 1541 still.

1076 1530 1093 1557 1
1110 1529 1202 1561 COME,
1212 1528 1362 1561 children,
1373 1527 1432 1557 and
1445 1528 1511 1563 join
1521 1528 1552 1556 in
1563 1536 1620 1557 our
1629 1528 1746 1558 festival
1757 1537 1843 1564 song,

1109 1563 1176 1590 The
1187 1562 1290 1591 weeks
1302 1562 1361 1589 and
1373 1561 1427 1590 the
1442 1562 1567 1590 months
1577 1569 1630 1590 are
1639 1562 1680 1591 all
1697 1564 1845 1599 speeding

1175 1595 1283 1630 along;

1109 1629 1166 1657 We
1175 1629 1207 1656 'll
1218 1629 1284 1662 join
1300 1634 1358 1655 our
1371 1627 1443 1664 glad
1460 1628 1562 1656 voices
1572 1629 1604 1655 in
1621 1635 1679 1656 one
1696 1628 1791 1663 hymn
1809 1630 1844 1657 of

378 1674 462 1706 THE
477 1673 801 1706 SUNDAY-SCHOOL
816 1673 945 1706 ARMY.

1176 1662 1275 1695 praise

1108 1694 1154 1723 To
1172 1694 1248 1726 God,
1265 1694 1333 1722 who
1351 1694 1408 1722 has
1425 1692 1504 1727 kept
1524 1701 1561 1722 us
1580 1694 1640 1722 and
1659 1693 1843 1730 lengthened

601 1739 672 1774 Key
682 1739 718 1768 G.

1175 1735 1232 1755 our
1241 1728 1327 1761 days.

340 1796 358 1823 1
374 1796 410 1828 o,
422 1801 463 1822 DO
472 1796 527 1822 not
540 1795 578 1821 be
586 1793 801 1827 discouraged,

1394 1793 1525 1820 CHORUS.

409 1828 469 1856 For
477 1828 570 1855 Jesus
581 1828 608 1855 is
618 1833 697 1860 your
708 1827 833 1856 Friend!

374 1861 410 1893 o,
423 1861 463 1889 do
473 1863 528 1888 not
538 1861 577 1888 be
587 1860 799 1893 discouraged,

1109 1849 1220 1885 Happy
1229 1848 1364 1883 meeting
1372 1850 1404 1876 to
1412 1848 1452 1876 all
1463 1849 1472 1876 !
1489 1848 1591 1884 happy
1600 1850 1736 1886 meeting
1745 1850 1777 1877 to
1785 1850 1837 1878 all

416 1893 599 1922 For Jesus is
619 1901 696 1927 your
708 1893 821 1922 Friend

1110 1883 1218 1918 Happy
1226 1884 1370 1915 meeting,
1377 1882 1479 1917 happy
1486 1884 1630 1918 meeting,
1638 1883 1740 1918 happy
1748 1886 1843 1911 meet-

372 1927 423 1955 He
434 1927 492 1954 will
505 1926 574 1961 give
584 1933 645 1960 you
657 1934 745 1961 grace
757 1930 788 1954 to
799 1933 942 1961 conquer,

1173 1917 1226 1951 ing
1237 1918 1269 1943 to
1279 1915 1336 1943 all!

373 1960 425 1989 He
434 1960 493 1987 will
504 1959 574 1993 give
584 1967 644 1993 you
655 1966 746 1994 grace
758 1962 789 1987 to
799 1965 943 1995 conquer,

410 1994 476 2022 And
488 1993 571 2028 keep
581 1999 642 2027 you
653 1995 684 2020 to
695 1994 749 2021 the
761 1993 831 2021 end.

1074 1994 1093 2021 2
1108 1993 1171 2021 Our
1181 1992 1295 2020 Father
1303 1992 1336 2020 in
1346 1991 1473 2024 heaven,
1484 1999 1530 2020 we
1541 1992 1587 2020 lift
1597 1999 1641 2027 up
1651 1994 1683 2020 to
1693 1993 1767 2021 thee

1109 2027 1172 2054 Our
1182 2027 1267 2054 voice
1277 2026 1313 2053 of
1325 2024 1549 2059 thanksgiving,
1560 2032 1620 2054 our
1628 2026 1697 2059 glad
1711 2026 1842 2060 jubilee;

593 2071 722 2100 CHORUS.

1109 2059 1166 2091 Oh,
1183 2059 1266 2087 bless
1286 2065 1324 2086 us
1340 2058 1399 2087 and
1416 2059 1509 2093 guide
1527 2066 1573 2091 us,
1586 2059 1660 2087 dear
1675 2059 1787 2091 Savior,
1798 2068 1843 2088 we

1174 2099 1257 2126 pray,

372 2128 390 2156 I
399 2134 451 2156 am
463 2127 533 2160 glad
546 2127 610 2155 I'm
622 2133 653 2154 in
666 2126 729 2155 this
738 2132 836 2161 army,

1107 2126 1187 2152 That
1197 2125 1275 2152 from
1286 2124 1342 2159 thy
1353 2123 1434 2152 blest
1449 2125 1591 2160 precepts
1607 2132 1652 2153 we
1667 2132 1760 2153 never
1771 2132 1842 2161 may

374 2162 446 2192 Yes,
458 2160 523 2189 I'm
535 2160 606 2195 glad
618 2160 683 2187 I'm
696 2160 727 2186 in
738 2160 801 2187 this
811 2165 908 2196 army,

1172 2161 1264 2194 stray.

373 2195 444 2226 Yes,
456 2193 524 2222 I'm
535 2193 605 2225 glad
617 2193 684 2221 I'm
697 2193 728 2220 in
740 2192 801 2221 this
812 2199 910 2227 army,

1141 2191 1253 2227 Happy
1264 2191 1399 2226 meeting
1409 2191 1441 2217 to
1450 2190 1503 2223 all,
1515 2192 1575 2220 etc.

406 2228 473 2256 And
500 2227 540 2255 'll
554 2226 646 2254 battle
656 2226 702 2253 for
712 2226 765 2254 the
776 2226 893 2255 school.

1074 2269 1093 2296 3
1108 2269 1173 2297 And
1184 2268 1216 2300 if,
1227 2275 1280 2296 ere
1291 2267 1353 2296 this
1363 2275 1437 2301 year
1447 2267 1504 2295 has
1514 2267 1615 2296 drawn
1625 2269 1658 2296 to
1669 2277 1687 2296 a
1698 2269 1791 2301 close,

337 2307 358 2333 2
374 2304 466 2338 Fight
475 2311 523 2336 on,
534 2311 574 2337 ye
585 2302 660 2331 little
670 2301 809 2335 soldiers,

1107 2302 1200 2330 Some
1218 2300 1308 2329 loved
1328 2308 1386 2328 one
1407 2308 1520 2337 among
1542 2308 1579 2329 us
1600 2301 1631 2329 in
1651 2301 1741 2330 death
1756 2302 1841 2330 shall

408 2339 473 2366 The
484 2338 577 2365 battle
587 2343 648 2368 you
658 2335 737 2363 shall
748 2336 818 2366 win;

1173 2340 1294 2368 repose,

373 2371 466 2403 Fight
475 2377 524 2402 on,
536 2377 575 2403 ye
585 2368 662 2397 little
672 2369 812 2400 soldiers,

1108 2368 1210 2399 Grant,
1223 2368 1314 2400 Lord,
1325 2367 1394 2394 that
1409 2367 1463 2395 the
1483 2367 1571 2402 spirit
1586 2367 1618 2395 in
1635 2368 1753 2397 heaven
1773 2375 1842 2403 may

407 2403 472 2432 The
484 2404 575 2431 battle
585 2407 648 2437 you
657 2402 737 2430 shall
748 2403 820 2433 win;

1174 2401 1273 2432 dwell,

374 2436 435 2465 For
445 2437 499 2465 the
509 2436 614 2464 Savior
623 2436 651 2463 is
660 2442 738 2469 your
747 2435 882 2470 Captain,

1107 2434 1145 2463 In
1162 2434 1216 2462 the
1237 2434 1342 2461 bosom
1361 2433 1395 2462 of
1406 2433 1508 2466 Jesus,
1525 2434 1627 2462 where
1646 2434 1685 2462 all
1706 2433 1784 2463 shall
1805 2435 1843 2463 be

373 2471 435 2498 For
445 2470 499 2498 the
509 2469 614 2497 Savior
623 2468 651 2496 is
661 2475 738 2502 your
748 2468 882 2503 Captain,

1172 2468 1249 2496 well.

406 2503 472 2531 And
484 2503 525 2530 he
535 2501 592 2530 has
603 2501 791 2536 vanquished
803 2502 859 2530 sin.

1141 2500 1253 2537 Happy
1263 2500 1398 2536 meeting
1408 2501 1440 2527 to
1450 2499 1501 2533 all,
1513 2501 1572 2528 etc.

438 2537 456 2564 I
465 2543 517 2564 am
528 2535 609 2571 glad,
620 2536 679 2563 etc.

1073 2579 1092 2606 4
1109 2578 1191 2606 Kind
1203 2578 1352 2610 teachers,
1361 2584 1406 2605 we
1416 2577 1555 2606 children
1564 2577 1662 2606 would
1676 2578 1771 2608 thank
1784 2586 1843 2614 yca

338 2615 357 2641 3
373 2614 438 2641 And
450 2613 537 2641 when
548 2612 602 2640 the
612 2611 763 2640 conflict's
776 2617 859 2645 over,

1174 2611 1237 2639 this
1249 2611 1316 2644 day,

409 2647 514 2674 Before
526 2646 591 2674 him
604 2652 665 2680 you
676 2645 754 2673 shall
766 2646 868 2678 stand;

1106 2644 1187 2672 That
1197 2643 1354 2679 faithfully,
1366 2642 1483 2679 kindly,
1493 2651 1554 2678 you
1562 2645 1610 2673 've
1620 2645 1729 2681 taught
1739 2652 1776 2673 us
1788 2645 1842 2674 the

373 2678 440 2707 And
451 2679 537 2707 when
548 2679 604 2708 the
615 2678 767 2707 conflict's
778 2684 860 2710 over,

1175 2684 1241 2710 way

407 2712 515 2741 Before
526 2711 592 2740 him
603 2718 664 2745 you
674 2710 753 2739 shall
765 2711 862 2740 stand.

1108 2710 1184 2738 How
1196 2717 1239 2737 we
1257 2717 1327 2743 may
1339 2715 1450 2745 escape
1460 2709 1537 2738 from
1549 2710 1604 2738 the
1614 2710 1734 2739 world's
1750 2711 1841 2739 sinful

374 2746 440 2774 You
451 2745 529 2774 shall
541 2745 609 2780 sing
620 2744 668 2772 his
679 2745 778 2779 praise
788 2744 915 2778 forever,

1172 2744 1307 2774 charms,

373 2779 439 2807 You
450 2778 528 2807 shall
540 2779 608 2813 sing
619 2777 668 2805 his
679 2778 777 2812 praise
788 2776 915 2811 forever,

1106 2776 1172 2804 And
1190 2777 1251 2804 find
1262 2783 1281 2803 a
1291 2776 1354 2804 safe
1364 2776 1470 2812 refuge
1485 2776 1518 2804 in
1534 2783 1591 2804 our
1605 2775 1735 2807 Savior's
1751 2776 1841 2807 loved

406 2813 442 2841 In
452 2811 597 2840 Canaan's
608 2810 710 2846 happy
722 2810 801 2839 land.

1172 2817 1264 2838 arms.

438 2845 455 2874 I
464 2852 516 2874 am
527 2844 608 2880 glad,
620 2846 679 2873 etc.

1140 2841 1251 2879 Happy
1262 2842 1398 2879 meeting
1408 2843 1439 2871 to
1450 2841 1501 2877 all,
1514 2844 1572 2872 etc.
