2544 2046
164 196 235 236 118

1052 211 1136 247 BE
1160 213 1196 247 A
1224 211 1567 246 CHRISTIAN.

1476 270 1599 299 Words
1614 270 1685 299 and
1703 270 1815 299 Music
1831 270 1876 304 by
1895 271 1938 299 A.
1950 271 1991 300 D.
2002 272 2210 301 FILLMORE.

381 407 412 424 a

451 408 483 425 and

1046 402 1066 416 the

454 431 482 447 LOVE

1557 423 1580 440 R

1501 444 1522 460 THE

1559 444 1580 461 033

1651 443 1674 460 G

293 485 319 513 1.
339 485 444 513 Come
455 486 524 513 and
538 486 580 513 be
601 492 625 514 a
635 485 824 519 Christian,
869 487 912 514 Je
922 499 934 508 -
945 492 1004 515 sus
1015 487 1100 515 calls
1111 488 1192 516 thee
1204 492 1297 519 now

1353 487 1402 515 To
1415 487 1471 515 his
1483 488 1641 520 gracions
1652 488 1782 521 gospel,
1822 488 1965 521 Sinner,
1983 488 2131 522 humbly
2142 488 2230 516 bow.

292 518 320 546 2.
335 518 440 546 Come
452 520 522 546 and
536 519 577 546 be
602 525 625 546 a
635 519 824 552 Christian,

870 520 936 548 Ere

970 520 999 547 it

1034 520 1076 548 be

1094 522 1151 548 too

1185 521 1273 549 late:

1354 521 1428 548 Life
1446 521 1475 548 is
1487 522 1627 554 passing
1639 522 1782 555 swiftly,
1816 522 1993 550 Moments
2004 522 2078 549 will
2087 523 2157 549 not
2164 521 2258 550 wait.

291 551 318 579 3.
338 551 443 579 Come
454 552 524 579 and
538 552 579 579 be
600 558 623 579 a
632 552 822 587 Christian,
867 553 1007 585 Meekly
1020 553 1102 580 bear
1114 554 1174 581 the
1186 559 1288 585 cross,

1351 554 1418 580 For
1430 554 1490 581 the
1502 554 1581 582 love
1593 556 1632 581 of
1645 555 1687 582 Je
1699 567 1712 576 -
1721 559 1792 587 sus,
1820 554 1934 583 Count
1946 554 1994 581 all
2006 555 2074 582 else
2088 554 2149 582 but
2165 555 2243 582 loss.

291 585 319 612 4.
338 585 443 613 Come
455 585 526 612 and
539 585 580 612 be
602 591 626 612 a
636 585 825 620 Christian,
870 586 935 619 Fly
948 587 1037 614 from
1050 586 1188 614 Satan's
1201 592 1330 620 power,
1345 587 1392 614 To
1405 587 1466 614 the
1478 587 1602 614 claims
1614 588 1652 614 of
1660 588 1785 621 Je-sus,
1819 587 1919 615 Yield
1931 587 2003 615 this
2021 593 2106 621 very
2130 588 2232 615 hour.

1211 725 1233 741 a

1444 725 1466 739 the

1559 725 1584 742 <<

2251 704 2283 739 7

1631 948 1652 962 THE

260 1082 358 1111 Hear
379 1083 437 1111 his
448 1082 636 1111 wondrous
645 1088 764 1116 mercy
782 1082 855 1110 Tell
890 1082 929 1110 of
942 1083 1016 1110 sins
1045 1082 1230 1116 for-given,
1254 1081 1320 1109 Vic
1329 1094 1343 1103 -
1349 1081 1420 1114 t'ry
1468 1087 1491 1109 o
1497 1095 1509 1101 -
1519 1087 1582 1109 ver
1609 1079 1744 1116 Sa-tan,
1792 1081 1874 1109 And
1908 1087 1931 1109 a
1947 1081 2053 1109 home
2070 1081 2108 1108 in
2126 1080 2274 1109 heaven.

259 1116 302 1145 Je
328 1129 343 1138 -
366 1121 426 1144 sus
444 1117 518 1144 will
537 1118 600 1143 not
633 1116 767 1149 always
784 1115 810 1143 O
828 1129 840 1137 -
857 1122 926 1149 pen
949 1115 1094 1147 mercy's
1106 1115 1206 1143 door:
1252 1114 1367 1142 When
1386 1115 1431 1141 he
1442 1120 1559 1142 comes
1567 1114 1604 1141 in
1612 1114 1807 1148 judgment,
1817 1114 1913 1142 Then
1927 1114 1971 1141 he
1981 1113 2017 1141 'll
2029 1114 2130 1147 plead
2143 1120 2189 1142 no
2202 1119 2310 1143 more.

261 1149 313 1177 Ne
330 1163 343 1172 -
361 1155 423 1177 ver
434 1162 448 1170 -
460 1149 581 1182 fading
594 1150 766 1177 treasures
784 1149 853 1176 Are
883 1150 1038 1177 reserved
1054 1148 1107 1175 for
1135 1148 1184 1176 all
1250 1147 1342 1175 Who
1352 1148 1424 1175 will
1435 1152 1534 1176 come
1545 1149 1581 1174 to
1593 1147 1721 1182 Je-sus,
1785 1147 1865 1175 And
1911 1153 1932 1174 O
1943 1160 1957 1169 -
1969 1146 2034 1180 bey
2065 1147 2122 1174 his
2155 1147 2232 1174 call.

260 1182 359 1211 Then
373 1183 460 1210 with
469 1183 531 1216 joy
542 1183 611 1210 and
624 1184 775 1216 rapture,
785 1181 947 1216 Sing-ing
980 1187 1020 1210 as
1054 1187 1107 1211 we
1139 1187 1194 1215 go,
1253 1180 1316 1209 We
1347 1181 1421 1208 will
1433 1181 1532 1208 haste
1549 1182 1585 1208 to
1600 1180 1741 1216 glo-ry,
1666 1193 1681 1201 -
1785 1179 1943 1215 Leaving
1975 1179 2026 1206 all
2059 1179 2101 1208 be
2111 1193 2125 1202 -
2136 1180 2216 1209 low.

211 1284 234 1305 @

1229 1299 1256 1330 of

449 1480 610 1517 CHORUS.

327 1664 362 1698 o,
377 1665 484 1694 won't
494 1670 565 1698 you
578 1665 619 1693 be
628 1671 651 1693 a
661 1663 844 1695 Christian
871 1664 1023 1700 Quickly
1036 1666 1143 1693 make
1155 1671 1245 1698 your
1254 1663 1392 1698 choice;
1409 1664 1510 1693 Jesus
1522 1670 1602 1693 now
1614 1665 1645 1693 is
1655 1664 1830 1701 pleading,
1842 1665 1939 1694 Hear
1949 1665 2007 1694 his
2019 1665 2182 1695 welcome
2194 1667 2297 1695 voice
2301 1667 2312 1695 !

211 1767 232 1788 9

783 1771 805 1788 3
