1816 2736
144 167 440 349 resulting

687 337 915 367 AUTUMN.
950 338 1004 373 8s,
1019 340 1071 370 7s.

362 559 389 585 1.
406 559 484 585 Love
497 558 601 588 divine,
609 558 649 584 all
659 558 724 585 love
734 558 888 591 excelling,
898 559 956 591 Joy
965 559 998 585 of
1004 559 1123 590 heaven,
1132 561 1162 587 to
1170 561 1251 587 earth
1262 567 1341 587 come
1350 561 1441 594 down,

363 593 389 618 2.
410 592 504 623 Come,
528 592 671 623 almighty
693 594 725 616 to
747 591 865 624 deliver,
888 592 944 618 Let
971 598 1006 618 us
1032 593 1073 618 all
1102 594 1156 626 thy
1182 594 1232 619 life
1260 595 1373 622 receive

413 960 471 987 Fix
484 961 515 987 in
529 967 563 986 us
574 960 628 992 thy
638 959 758 986 humble
769 960 915 993 dwelling,
940 960 987 986 All
999 960 1052 993 thy
1063 960 1180 987 faithful
1193 961 1312 988 mercies
1323 968 1427 987 crown.

413 993 558 1026 Suddenly
584 996 696 1025 return,
715 994 773 1020 and
793 1000 889 1025 never,
919 994 1094 1020 Nevermore
1116 995 1171 1026 thy
1192 995 1313 1026 temples
1335 995 1426 1020 leave:

1354 1062 1392 1095 8

411 1369 506 1400 Jesus,
518 1368 590 1395 thou
602 1370 649 1394 art
661 1368 701 1394 all
714 1368 899 1400 compassion,
911 1368 998 1399 Pure,
1009 1367 1181 1394 unbounded
1192 1369 1256 1394 love
1267 1368 1339 1395 thou
1350 1370 1407 1397 art:
1404 1375 1413 1399 ;

412 1402 489 1428 Thee
499 1409 543 1428 we
555 1402 648 1428 would
660 1402 695 1427 be
707 1402 811 1433 always
823 1401 959 1434 blessing,
971 1402 1056 1428 Serve
1067 1402 1133 1428 thee
1143 1409 1175 1428 as
1186 1402 1239 1434 thy
1250 1402 1329 1428 hosts
1339 1403 1437 1433 above,

413 1758 490 1784 Visit
512 1765 546 1785 us
567 1759 638 1785 with
658 1758 713 1789 thy
733 1758 884 1788 salvation,
908 1758 999 1784 Enter
1021 1764 1107 1790 every
1130 1758 1287 1790 trembling
1308 1758 1401 1784 heart.

412 1791 499 1824 Pray,
512 1792 569 1818 and
580 1792 672 1824 praise
684 1792 751 1817 thee
763 1791 885 1816 without
897 1791 1019 1824 ceasing,
1032 1790 1119 1823 Glory
1128 1792 1161 1817 in
1172 1792 1225 1824 thy
1236 1791 1345 1824 perfect
1356 1791 1428 1818 love.

631 1996 701 2034 109

743 1996 792 2030 The
808 2005 862 2030 new
880 1997 988 2031 creation.

425 2051 444 2081 3
465 2049 588 2080 Finish
602 2049 687 2080 then
700 2049 766 2089 thy
780 2058 857 2080 new
871 2050 1024 2086 creation

505 2090 596 2120 Pure
610 2089 678 2120 and
693 2090 834 2129 spotless
848 2089 898 2120 let
912 2098 952 2120 us
967 2089 1008 2120 be
1019 2100 1029 2127 ;

461 2130 527 2160 Let
539 2139 579 2160 us
593 2138 649 2160 see
662 2129 727 2168 thy
741 2130 838 2168 great
853 2129 1035 2168 salvation,

505 2169 676 2207 Perfectly
690 2169 837 2200 restored
852 2169 890 2199 in
904 2169 1000 2201 thee:

467 2208 629 2248 Changed
643 2209 731 2239 from
745 2209 844 2249 glory
857 2209 930 2240 into
942 2210 1052 2249 glory,

506 2249 574 2280 Till
588 2250 627 2279 in
640 2249 776 2280 heaven
787 2257 840 2280 we
851 2249 932 2279 take
945 2257 1006 2280 our
1021 2250 1162 2289 place,-

465 2288 535 2320 Till
548 2298 598 2320 we
613 2290 685 2320 cast
698 2298 759 2320 our
774 2298 901 2321 crowns
917 2288 1028 2320 before
1041 2289 1130 2327 thee,

506 2329 587 2360 Lost
600 2329 638 2360 in
652 2329 801 2368 wonder,
814 2329 904 2367 love,
918 2328 988 2360 and
1003 2329 1123 2370 praise.
