1529 2255
594 200 909 235 SUNDAY-SCHOOL
928 204 1076 233 HYMNS.

1294 201 1338 237 93

402 279 691 327 CHO.-Though
703 293 757 319 we
768 293 854 328 very
868 283 960 320 often
974 282 1114 321 wander

588 326 633 361 In
646 327 707 362 the
719 326 806 373 path
820 327 861 363 of
870 328 948 363 vice
960 326 1031 363 and
1043 327 1110 372 sin,

543 369 616 406 Yet
627 381 680 406 we
692 380 781 416 pray
794 371 872 407 that
884 371 970 407 thou
984 370 1131 408 wouldst
1141 371 1228 408 hear
1240 381 1292 416 us,

587 413 730 451 Cleanse
743 413 814 450 and
827 414 932 452 make
944 426 987 451 us
998 426 1086 462 pure
1099 414 1233 452 within.

453 489 487 525 2.
509 487 617 524 Make
631 488 717 525 each
730 489 833 535 spirit
844 490 947 526 meek
960 490 1031 527 and
1043 490 1160 537 lowly,

497 532 606 568 Make
619 543 660 568 us
673 534 772 570 leave
784 534 846 570 the
859 545 952 579 ways
966 534 1007 570 of
1013 534 1120 580 strife,

453 575 551 612 Lead
564 588 606 612 us
619 577 660 612 in
672 577 734 614 the
746 577 833 622 path
847 578 888 614 of
896 578 993 624 duty,

496 620 596 656 Lead
609 630 650 658 us
663 625 700 656 to
713 622 774 657 the
787 621 896 657 better
908 622 980 658 life.

400 662 635 700 CHO.-Thus
647 664 733 700 we'd
747 673 849 701 serve
861 665 951 710 thee,
964 665 1099 702 blessed
1112 665 1271 712 Saviour,

582 707 655 743 Till
668 708 776 745 we've
789 708 915 745 cross'd
928 709 1019 746 life's
1030 712 1160 754 stormy
1172 720 1241 755 sea,

541 749 631 794 And,
647 751 733 787 with
747 751 832 787 each
846 751 951 788 loved
964 752 1079 789 friend
1092 753 1162 789 and
1174 753 1322 798 teacher,

584 794 648 831 All
661 806 722 831 are
734 794 892 842 gather'd
904 795 1009 832 home
1020 801 1057 833 to
1072 796 1161 834 thee.

465 936 501 968 G.
513 936 611 968 Chain
621 937 685 973 121,
696 944 733 967 or
741 937 774 968 S.
784 938 816 968 S.
826 937 908 974 Bell,
915 938 970 969 No.
977 938 1095 974 1-119,
1103 937 1179 970 S.S.
1187 938 1261 969 Hos.
1270 937 1339 970 121.

323 953 447 1020 113

513 992 535 1024 I
549 991 686 1025 OUGHT
701 991 752 1025 TO
767 992 875 1025 LOVE
889 992 953 1025 MY
970 993 1144 1027 MOTHER.

450 1047 483 1081 1.
504 1045 528 1081 I
542 1055 674 1082 OUGHT
685 1050 723 1082 to
735 1046 817 1083 love
828 1057 890 1091 my
904 1046 1058 1083 mother:

494 1089 565 1125 She
578 1089 682 1125 loved
696 1101 754 1125 me
767 1090 851 1136 long
864 1101 949 1136 ago;

450 1133 564 1169 There
578 1134 608 1167 is
622 1144 668 1168 on
683 1134 783 1170 earth
797 1144 844 1169 no
857 1136 959 1170 other

493 1176 586 1212 That
599 1187 681 1212 ever
693 1176 796 1212 loved
810 1187 868 1212 me
880 1188 930 1213 so.

450 1220 566 1255 When
580 1231 604 1255 a
617 1220 713 1257 weak
727 1219 822 1264 babe,
837 1221 944 1256 much
957 1220 1040 1256 trial

493 1263 516 1298 I
530 1264 652 1299 caused
667 1263 740 1307 her,
755 1264 826 1299 and
839 1265 945 1300 much
961 1275 1058 1308 care;

448 1307 521 1343 For
533 1319 592 1342 me
605 1319 651 1343 no
664 1307 861 1344 self-denial

492 1351 570 1387 Nor
582 1351 681 1387 labor
694 1350 756 1387 did
769 1351 832 1387 she
844 1362 956 1397 spare.

447 1428 482 1464 2.
504 1427 621 1463 When
635 1427 674 1462 in
688 1438 751 1472 my
766 1427 881 1464 cradle
894 1428 1005 1474 lying,

493 1471 544 1507 Or
558 1482 604 1506 on
617 1470 682 1506 her
694 1471 816 1516 loving
829 1472 950 1516 breast,

447 1514 520 1551 She
531 1515 651 1560 gently
665 1515 793 1550 hush'd
805 1526 868 1559 my
881 1518 1018 1562 crying,

491 1558 576 1594 And
590 1559 710 1594 rock'd
723 1558 788 1595 her
800 1558 888 1594 babe
900 1563 937 1594 to
951 1564 1039 1603 rest;

447 1602 565 1638 When
578 1613 649 1647 any
663 1602 765 1648 thing
777 1602 840 1638 has
854 1602 941 1638 ail'd
953 1613 1020 1648 me,

491 1646 544 1681 To
558 1646 622 1681 her
635 1646 658 1681 I
670 1646 745 1682 told
758 1656 819 1691 my
833 1646 941 1691 grief:

446 1688 527 1725 Her
539 1689 624 1725 fond
636 1690 716 1725 love
728 1700 836 1725 never
848 1690 947 1725 fail'd
961 1700 1020 1725 me

490 1732 536 1768 In
550 1732 685 1779 finding
697 1743 794 1770 some
805 1733 914 1770 relief.

447 1810 480 1845 3.
503 1808 612 1845 What
623 1808 717 1853 sight
730 1809 762 1845 is
774 1808 852 1845 that
865 1808 989 1855 which,
1004 1821 1091 1847 near
1104 1822 1171 1855 me,

491 1852 614 1889 Makes
628 1852 733 1889 home
745 1865 769 1889 a
781 1853 903 1899 happy
916 1854 1026 1899 place,

446 1896 530 1933 And
544 1896 609 1933 has
621 1897 707 1933 such
722 1907 837 1941 power
850 1901 887 1933 to
901 1897 1005 1934 cheer
1017 1899 1145 1934 me?-

490 1940 526 1976 It
539 1940 571 1975 is
584 1951 647 1985 my
660 1942 823 1978 mother's
834 1940 920 1977 face.
