2434 3635
542 278 859 324 National.
926 278 1156 339 Prayer
1191 280 1300 336 for
1343 280 1440 325 the
1487 279 1804 340 Republic.

2013 282 2103 327 235

287 384 422 448 736.

688 415 837 446 National.

1220 382 1356 447 737.

1588 417 1737 446 National.

253 463 291 505 1.
306 461 460 503 GREAT
476 459 564 502 God
583 459 631 501 of
650 461 805 502 nations
815 460 828 501 !
853 473 938 501 now
955 465 998 501 to
1015 460 1108 502 thee

1186 459 1277 503 1.0
1294 459 1404 512 God,
1420 459 1590 502 beneath
1607 460 1679 514 thy
1695 461 1861 515 guiding
1874 461 1997 513 hand,

306 515 392 557 Our
408 513 530 566 hymn
547 513 597 554 of
616 513 816 566 gratitude
834 527 891 554 we
908 513 1032 564 raise;

1239 512 1326 554 Our
1341 512 1469 554 exiled
1487 513 1634 554 fathers
1651 515 1801 555 crossed
1819 516 1889 555 the
1906 527 1991 561 sea ;

306 567 419 607 With
432 565 589 607 humble
603 566 726 618 heart,
744 566 826 608 and
844 566 1017 620 bending
1033 568 1145 620 knee,

1239 566 1335 607 And
1351 565 1465 607 when
1481 566 1580 619 they
1597 567 1684 607 trod
1703 567 1769 607 the
1785 569 1925 620 wintry
1940 567 2090 619 strand,

305 621 382 663 We
397 620 493 661 offer
508 620 600 661 thee
617 633 689 661 our
705 632 803 673 song
818 619 867 661 of
886 622 1022 674 praise.

1240 618 1353 660 With
1368 631 1509 673 prayer
1523 619 1601 661 and
1617 619 1740 674 psalm
1766 620 1861 674 they
1885 621 2102 674 worshiped

1345 673 1447 713 thee.

252 701 291 741 2.
306 699 395 752 Thy
413 712 528 740 name
544 711 603 739 we
619 697 733 748 bless,
751 698 961 752 Almighty
979 698 1067 741 God
1079 699 1094 740 !

304 753 383 794 For
400 752 453 793 all
470 752 541 793 the
556 751 743 793 kindness
760 752 857 793 thou
874 753 963 793 hast
977 752 1127 804 shown,

1185 739 1223 781 2.
1237 739 1353 782 Thou
1381 739 1565 791 heard'st,
1594 740 1865 795 well-pleased,
1892 742 1963 783 the
1990 754 2099 798 song,

302 806 361 847 To
379 805 460 846 this
476 804 554 845 fair
570 804 662 846 land
679 805 748 846 the
766 805 947 858 Pilgrims
966 806 1121 856 trod,-

1343 792 1412 834 the
1428 805 1593 847 prayer;

305 858 402 899 This
419 857 511 899 land
528 871 586 899 we
602 857 740 911 fondly
756 858 830 898 call
855 872 927 899 our
943 872 1037 900 own.

1238 845 1327 899 Thy
1344 846 1513 900 blessing
1529 859 1655 898 came;
1680 846 1759 887 and
1776 846 1857 888 still
1872 846 1926 888 its
1950 860 2078 901 power

1238 898 1350 940 Shall
1365 900 1520 940 onward
1540 899 1709 953 through
1727 899 1783 941 all
1797 913 1890 953 ages
1905 899 2000 941 bear

250 935 289 975 3.
304 933 427 985 Here,
443 932 616 975 freedom
632 932 794 986 spreads
811 932 884 974 her
899 932 1048 974 banner
1060 932 1172 983 wide,

1237 952 1323 993 The
1341 965 1513 1006 memory
1529 953 1576 994 of
1594 953 1684 994 that
1700 952 1793 1007 holy
1810 953 1926 994 hour.

306 987 399 1027 And
417 994 518 1027 casts
536 987 607 1026 her
623 987 703 1027 soft
719 986 797 1027 and
818 985 1007 1027 hallowed
1024 997 1176 1040 ray;-

305 1040 426 1091 Here,
470 1039 570 1081 thou
609 1052 681 1080 our
720 1038 883 1081 fathers'
923 1045 1030 1093 steps
1069 1038 1174 1080 didst

1185 1029 1223 1070 3.
1237 1028 1363 1080 Laws,
1382 1029 1565 1081 freedom,
1582 1030 1708 1079 truth,
1720 1029 1799 1070 and
1816 1028 1915 1070 faith
1933 1029 1976 1070 in
1997 1028 2087 1072 God

409 1092 529 1147 guide

1238 1082 1355 1123 Came
1373 1082 1468 1123 with
1485 1082 1595 1123 those
1613 1083 1735 1124 exiles
1752 1084 1832 1124 o'er
1848 1082 1919 1123 the
1936 1093 2085 1133 waves;

299 1144 354 1187 In
370 1147 509 1200 safety,
526 1144 700 1199 through
717 1144 824 1187 their
841 1144 1059 1200 dangerous
1074 1157 1171 1198 way.

1240 1135 1332 1176 And
1350 1135 1478 1177 where
1494 1135 1601 1177 their
1616 1135 1775 1188 pilgrim
1791 1136 1874 1177 feet
1890 1135 1990 1177 have
2003 1136 2101 1189 trod,

247 1214 288 1255 4.
302 1212 380 1253 We
394 1213 521 1266 praise
538 1212 641 1264 thee,
659 1212 748 1253 that
764 1211 834 1253 the
855 1211 1024 1267 gospel's
1042 1212 1155 1267 light,

1238 1187 1324 1229 The
1332 1187 1421 1230 God
1434 1187 1528 1240 they
1534 1189 1683 1230 trusted
1690 1190 1834 1243 guards
1840 1188 1947 1231 their
1953 1201 2103 1243 graves.

301 1265 492 1319 Through
534 1265 589 1307 all
628 1279 700 1306 our
741 1264 848 1317 land,
885 1267 942 1307 its
974 1266 1155 1307 radiance

1184 1263 1226 1304 4.
1242 1262 1335 1304 And
1352 1263 1447 1305 here
1464 1264 1537 1317 thy
1550 1278 1676 1314 name,
1695 1265 1731 1306 O
1751 1264 1839 1306 God
1856 1265 1905 1306 of
1923 1264 2024 1316 love,

406 1318 544 1371 sheds;

1237 1316 1360 1358 Their
1375 1317 1585 1359 children's
1601 1317 1777 1360 children
1794 1318 1896 1359 shall
1919 1322 2051 1371 adore,

300 1371 457 1425 Dispels
473 1373 542 1413 the
553 1371 695 1413 shades
713 1370 759 1412 of
778 1371 920 1413 error's
935 1371 1067 1425 night,

1238 1370 1315 1411 Till
1331 1370 1440 1411 these
1457 1371 1604 1412 eternal
1622 1371 1714 1412 hills
1730 1384 1899 1422 remove,

305 1426 397 1466 And
410 1425 600 1479 heavenly
611 1424 800 1479 blessings
807 1424 935 1467 round
943 1438 990 1466 us
1000 1424 1171 1479 spreads.

1239 1423 1335 1465 And
1351 1425 1489 1478 spring
1504 1423 1645 1465 adorns
1661 1423 1731 1465 the
1747 1425 1858 1465 earth
1877 1437 1929 1465 no
1945 1437 2063 1466 more.

409 1516 512 1549 OLD
534 1516 878 1553 HUNDREDTH,
941 1516 989 1549 L.
1004 1515 1059 1553 M.

281 1848 422 1915 738.

624 1882 841 1920 Thanksgiving.

1216 1848 1347 1917 739.

1451 1882 1564 1919 Prayer
1570 1882 1626 1920 for
1633 1884 1681 1914 the
1694 1884 1838 1921 Republic.

250 1939 290 1981 1.
304 1939 515 1980 ETERNAL
530 1951 663 1980 source
679 1938 727 1980 of
746 1950 863 1991 every
882 1940 966 1993 joy,

1182 1928 1220 1970 1.
1233 1927 1327 1969 GOD
1340 1927 1387 1968 of
1407 1941 1478 1968 our
1494 1928 1654 1978 fathers,
1672 1928 1728 1969 let
1743 1929 1817 1982 thy
1833 1929 1917 1971 face

302 1990 406 2032 Well
422 2004 510 2044 may
527 1993 599 2044 thy
616 1994 744 2046 praise
755 2003 829 2033 our
848 1993 922 2045 lips
938 1992 1105 2047 employ,

1285 1980 1447 2022 Toward
1466 1981 1532 2022 the
1560 1982 1750 2034 Republic
1766 1995 1858 2023 ever
1875 1982 1948 2024 be!

303 2043 435 2085 While
452 2046 492 2085 in
513 2046 585 2098 thy
602 2046 744 2097 temple
761 2058 819 2086 we
835 2058 992 2099 appear,

1234 2033 1471 2086 Encompass
1490 2035 1523 2075 it
1540 2035 1635 2075 with
1648 2035 1831 2088 strength
1846 2036 1925 2077 and
1941 2050 2070 2090 grace,

305 2097 366 2140 To
383 2097 464 2138 hail
481 2098 582 2150 thee,
602 2098 814 2152 Sovereign
841 2099 888 2140 of
908 2099 977 2140 the
992 2110 1088 2152 year
1100 2098 1115 2140 !

1286 2087 1381 2127 And
1399 2087 1469 2127 law
1489 2088 1665 2129 combine
1682 2089 1779 2129 with
1795 2088 1951 2142 liberty.

248 2166 289 2208 2.
304 2167 421 2208 Wide
438 2180 482 2208 as
498 2168 569 2209 the
587 2167 732 2209 wheels
748 2168 795 2208 of
814 2174 954 2209 nature
977 2167 1062 2218 roll,

1180 2150 1218 2192 2.
1235 2149 1345 2192 Unto
1363 2162 1436 2191 our
1454 2149 1665 2195 President
1679 2153 1823 2205 impart

301 2220 393 2273 Thy
405 2220 512 2262 hand
524 2226 707 2274 supports
715 2221 792 2262 and
804 2221 940 2274 guides
953 2221 1024 2262 the
1031 2220 1168 2271 whole,

1286 2202 1518 2256 Sustaining
1537 2210 1652 2254 trust,
1670 2204 1897 2259 discerning
1905 2204 2031 2260 sight,

302 2273 391 2315 The
406 2286 481 2315 sun
497 2275 533 2315 is
548 2275 690 2327 taught
707 2274 759 2326 by
778 2275 869 2315 thee
887 2280 930 2315 to
944 2275 1036 2325 rise,

1233 2256 1319 2298 The
1336 2257 1499 2310 homage
1517 2258 1564 2298 of
1584 2258 1654 2299 the
1672 2257 1774 2311 loyal
1789 2258 1915 2309 heart,

304 2326 398 2368 And
415 2326 605 2368 darkness
622 2327 734 2368 when
753 2334 793 2369 to
812 2327 892 2368 vail
909 2327 977 2369 the
993 2327 1114 2369 skies.

1286 2309 1372 2351 The
1387 2311 1579 2352 steadfast
1596 2323 1767 2366 courage
1786 2312 1848 2353 for
1865 2312 1935 2352 the
1951 2311 2072 2365 right.

249 2396 290 2438 3.
303 2396 389 2437 The
405 2397 562 2448 flowery
578 2398 716 2450 spring
732 2402 775 2438 at
790 2396 864 2451 thy
884 2398 1096 2450 command,

1180 2373 1221 2415 3.
1235 2372 1392 2415 Within
1410 2387 1482 2415 our
1499 2374 1689 2428 Congress
1702 2374 1761 2416 let
1777 2374 1845 2416 the
1860 2376 1932 2418 fire

303 2449 504 2492 Perfumes
522 2451 590 2491 the
609 2452 679 2501 air,
698 2451 840 2492 adorns
859 2451 928 2492 the
945 2450 1061 2499 land;

1286 2424 1348 2468 Of
1367 2428 1548 2480 patriotic
1560 2428 1648 2469 love
1672 2428 1812 2476 abide;

303 2503 390 2544 The
403 2516 571 2544 summer
589 2516 679 2555 rays
697 2504 792 2544 with
808 2504 922 2557 vigor
937 2504 1063 2555 shine,

1231 2478 1294 2521 Its
1310 2480 1486 2522 counsels
1503 2480 1604 2532 lead,
1624 2481 1680 2523 its
1696 2488 1780 2523 acts
1795 2482 1956 2536 inspire,

302 2557 362 2598 To
379 2558 478 2598 raise
492 2556 564 2598 the
582 2569 691 2608 corn,
710 2562 749 2598 to
767 2558 884 2599 cheer
898 2557 967 2600 the
984 2559 1089 2600 vine.

1288 2533 1383 2574 And
1407 2533 1451 2574 in
1468 2534 1541 2575 the
1553 2535 1721 2576 nation's
1737 2535 1837 2577 halls
1855 2537 2018 2590 preside.

248 2626 291 2668 4.
304 2626 394 2678 Thy
409 2625 529 2677 hand,
545 2627 588 2667 in
605 2633 782 2674 autumn,
799 2626 926 2679 richly
943 2640 1073 2681 pours,

1181 2596 1221 2638 4.
1234 2595 1354 2650 Upon
1371 2609 1444 2638 our
1472 2596 1628 2652 Judges
1644 2598 1702 2639 let
1720 2598 1790 2640 the
1807 2599 1888 2640 seal

304 2679 490 2732 Through
502 2679 555 2719 all
568 2692 641 2720 our
653 2686 779 2721 coasts
790 2680 1012 2721 redundant
1023 2686 1168 2723 stores:

1286 2648 1349 2691 Of
1367 2650 1443 2703 thy
1458 2650 1592 2692 divine
1635 2652 1837 2707 anointing
1855 2652 1971 2703 be,-

305 2733 398 2773 And
416 2734 583 2783 winters,
600 2732 777 2774 softened
796 2733 847 2785 by
865 2733 938 2787 thy
957 2746 1060 2786 care,

1234 2702 1323 2744 The
1336 2704 1497 2745 wisdom
1514 2704 1626 2755 calm,
1645 2705 1714 2746 the
1731 2706 1933 2759 righteous
1948 2706 2042 2758 zeal,

303 2785 368 2826 No
383 2798 490 2826 more
508 2785 577 2826 the
595 2787 680 2827 face
695 2786 743 2827 of
761 2786 900 2827 horror
917 2799 1032 2829 wear.

1287 2756 1374 2797 The
1390 2756 1504 2798 robes
1521 2758 1568 2798 of
1589 2758 1702 2799 truth
1716 2760 1792 2800 and
1810 2761 1957 2814 equity.

1182 2821 1221 2863 5.
1238 2820 1326 2863 God
1353 2822 1402 2862 of
1422 2835 1495 2862 our
1510 2821 1674 2872 fathers,
1691 2822 1751 2865 let
1768 2822 1840 2877 thy
1856 2823 1941 2865 face

250 2855 290 2897 5.
305 2855 469 2897 Seasons
479 2855 557 2896 and
566 2855 733 2907 months,
744 2856 822 2897 and
834 2856 970 2906 weeks,
975 2857 1052 2899 and
1060 2856 1169 2911 days,

1286 2874 1448 2916 Toward
1465 2876 1535 2916 the
1552 2876 1746 2928 Republic
1762 2890 1852 2919 ever
1868 2876 1924 2918 be
1928 2876 1942 2917 !

305 2908 482 2950 Demand
500 2910 717 2950 successive
735 2921 853 2962 songs
865 2909 912 2950 of
932 2911 1070 2964 praise

1234 2926 1473 2981 Encompass
1490 2929 1526 2969 it
1541 2929 1638 2970 with
1654 2932 1835 2984 strength
1853 2930 1931 2971 and
1947 2942 2075 2984 grace,

304 2961 398 3002 And
416 2961 465 3002 be
482 2961 552 3002 the
568 2962 737 3015 grateful
753 2962 916 3016 homage
932 2964 1036 3016 paid,

1287 2981 1383 3022 And
1401 2982 1476 3022 law
1494 2982 1668 3024 combine
1685 2984 1779 3024 with
1796 2982 1947 3037 liberty.

304 3014 421 3055 With
437 3015 618 3068 morning
636 3014 741 3069 light
756 3016 834 3057 and
852 3018 1021 3071 evening
1035 3015 1168 3058 shade.

1571 3047 1737 3091 Doxology.

252 3085 291 3125 6.
307 3084 414 3125 Here
430 3084 474 3124 in
491 3083 564 3136 thy
580 3083 708 3125 house
723 3083 779 3125 let
794 3085 955 3127 incense
971 3085 1064 3137 rise,

1184 3086 1350 3130 PRAISE
1362 3087 1461 3140 God,
1473 3088 1572 3130 from
1589 3090 1714 3130 whom
1726 3089 1778 3131 all
1788 3088 1974 3143 blessings
1986 3089 2070 3131 flow
2084 3090 2098 3131 !

305 3137 399 3177 And
417 3137 583 3191 circling
599 3136 796 3178 Sabbaths
817 3137 922 3180 bless
939 3152 1013 3180 our
1039 3152 1143 3193 eyes,

1185 3139 1318 3182 Praise
1334 3141 1429 3192 him,
1446 3142 1500 3182 all
1517 3150 1708 3184 creatures
1723 3142 1818 3183 here
1835 3142 1956 3183 below
1966 3145 1978 3183 !

304 3190 383 3231 Till
400 3197 441 3230 to
458 3190 570 3231 those
586 3189 688 3243 lofty
704 3189 864 3245 heights
881 3204 940 3233 we
964 3204 1063 3244 soar,

1185 3193 1321 3235 Praise
1338 3194 1422 3235 him
1438 3195 1572 3246 above,
1589 3209 1639 3249 ye
1656 3196 1843 3248 heavenly
1862 3195 1952 3237 host
1962 3196 1975 3235 !

305 3242 454 3285 Where
470 3243 565 3297 days
581 3243 660 3284 and
676 3256 793 3297 years
809 3245 967 3287 revolve
983 3258 1034 3287 no
1051 3258 1168 3288 more.

1184 3246 1321 3289 Praise
1337 3247 1497 3301 Father,
1515 3249 1609 3301 Son,
1625 3249 1702 3290 and
1720 3248 1826 3302 Holy
1843 3249 1971 3291 Ghost
1980 3248 1995 3288 !
