2099 2928
302 189 386 232 156

828 185 961 223 THE
988 183 1282 223 CHURCH:

299 313 472 351 HOUR
495 313 571 349 OF
594 311 847 350 PRAYER.
871 313 903 356 8,
919 312 952 355 8,
970 312 1002 355 8,
1016 313 1050 356 4,
1066 322 1107 346 or
1122 312 1155 355 8,
1170 312 1203 355 8,
1218 312 1250 353 8,
1266 312 1298 347 6.
1322 310 1455 356 (New.)

1529 321 1563 351 J.
1575 321 1612 351 P.
1624 321 1800 352 POWELL.

421 540 449 568 1.
468 540 520 574 My
537 539 615 567 God!

637 540 666 568 is

704 546 744 567 an

796 546 817 573 y
866 538 945 566 hour
961 545 993 566 so
1016 541 1106 566 sweet
1116 538 1207 566 From
1219 538 1307 566 blush
1318 539 1353 565 of
1360 545 1447 566 morn
1458 542 1491 566 to

1540 541 1667 575 evening
1683 543 1756 574 star,

474 982 516 1009 As

548 980 617 1008 that

633 980 730 1007 which

748 980 820 1007 calls

842 986 890 1006 me

938 981 971 1006 to

1020 980 1076 1013 thy

1110 980 1262 1007 feet-The

1320 980 1400 1007 hour

1532 981 1569 1008 of

1628 986 1746 1015 prayer.

423 1098 440 1124 2

303 1236 404 1281 431

530 1245 587 1273 The
595 1245 665 1272 hour
675 1244 710 1277 of
717 1251 830 1278 prayer.

954 1241 1034 1277 (581)

1070 1234 1091 1264 3
1115 1231 1227 1264 When
1240 1234 1348 1276 mystery
1359 1231 1439 1267 clouds
1451 1240 1512 1274 my
1526 1231 1696 1266 darkened
1709 1232 1801 1274 path,

304 1306 325 1336 2
350 1302 444 1335 Blest
459 1302 488 1334 is
502 1301 560 1333 the
574 1300 725 1341 tranquil
740 1299 827 1332 hour
840 1298 881 1332 of
889 1308 997 1340 morn,

1115 1276 1176 1309 I'll
1186 1275 1291 1309 check
1300 1284 1360 1317 my
1375 1275 1488 1317 dread,
1503 1286 1545 1321 my
1553 1276 1638 1311 doubts
1645 1284 1801 1319 reprove;

349 1347 430 1379 And
444 1345 531 1378 blest
546 1345 622 1377 that
635 1344 723 1376 hour
737 1343 776 1376 of
785 1344 915 1376 solemn
931 1352 1002 1384 eve,

1068 1321 1112 1354 In
1125 1320 1197 1354 this
1207 1329 1266 1362 my
1279 1322 1353 1354 soul
1367 1323 1473 1354 sweet
1486 1322 1628 1354 comfort
1641 1319 1734 1362 hath,

1202 1364 1292 1397 That
1307 1364 1382 1398 God
1397 1365 1427 1398 is
1441 1365 1533 1398 love!

304 1391 425 1431 When,
444 1399 489 1423 on
503 1390 562 1422 the
578 1390 689 1430 wings
704 1389 744 1421 of
759 1398 846 1433 prayer
860 1388 1034 1430 up-borne,

392 1435 465 1468 The
479 1434 587 1467 world
601 1435 620 1466 I
634 1433 739 1466 leave.

1071 1454 1094 1485 4
1112 1451 1167 1485 Oh
1181 1461 1262 1494 may
1277 1451 1347 1484 this
1361 1451 1457 1484 truth
1470 1461 1530 1494 my
1544 1452 1642 1485 heart
1655 1452 1800 1497 employ,

303 1515 325 1545 3
347 1511 442 1544 Then
454 1511 484 1544 is
491 1519 550 1551 my
557 1509 712 1551 strength
723 1508 769 1551 by
779 1507 856 1541 thee
864 1507 1034 1549 renewed;

1116 1496 1198 1529 And
1213 1506 1316 1538 every
1327 1497 1464 1538 gloomy
1476 1497 1624 1539 thought
1645 1505 1801 1538 remove;

348 1556 443 1589 Then
454 1564 512 1588 are
527 1564 587 1597 my
602 1555 673 1587 sins
683 1554 728 1595 by
738 1553 817 1586 thee
834 1552 1006 1594 forgiven;

1071 1540 1106 1574 It
1118 1540 1186 1574 fills
1196 1550 1256 1581 my
1269 1542 1344 1574 soul
1364 1541 1449 1574 with
1465 1541 1646 1575 boundless
1654 1542 1729 1587 joy,

303 1600 400 1633 Then
415 1600 491 1633 dost
505 1600 589 1632 thou
604 1599 703 1631 cheer
717 1607 776 1639 my
791 1597 938 1631 solitude

1204 1585 1293 1618 That
1305 1585 1381 1618 God
1396 1585 1426 1618 is
1439 1585 1534 1618 love!

393 1644 490 1677 With
506 1644 609 1686 hopes
622 1643 662 1676 of
672 1642 814 1675 heaven.

1071 1674 1176 1719 433

1318 1685 1379 1719 Thy
1388 1685 1447 1712 will
1461 1685 1494 1712 be
1502 1685 1581 1713 done.

1718 1684 1801 1721 (900)

304 1725 328 1756 4
342 1722 395 1756 No
411 1722 523 1755 words
538 1731 601 1755 can
617 1721 677 1754 tell
691 1721 787 1753 what
800 1721 905 1753 sweet
919 1718 1019 1752 relief

349 1767 457 1799 There
471 1766 524 1799 for
540 1775 601 1808 my
616 1775 719 1807 every
733 1766 828 1797 want
842 1764 861 1797 I
874 1763 963 1803 find;

1073 1744 1092 1774 1
1116 1741 1174 1783 My
1191 1740 1277 1782 God,
1292 1750 1353 1783 my
1368 1740 1501 1783 Father,
1515 1740 1618 1775 while
1631 1741 1652 1774 I
1664 1744 1760 1784 stray

306 1810 411 1844 What
418 1811 571 1852 strength
581 1810 634 1843 for
648 1809 800 1852 warfare,
815 1808 879 1843 balm
891 1809 930 1843 for
940 1808 1035 1851 grief,

1071 1786 1139 1819 Far
1152 1786 1240 1819 from
1253 1794 1313 1826 my
1327 1785 1437 1827 home,
1454 1795 1499 1819 on
1513 1785 1601 1819 life's
1613 1787 1724 1828 rough
1738 1796 1801 1831 way,

394 1855 500 1887 What
511 1863 611 1896 peace
625 1853 665 1887 of
673 1853 784 1886 mind!

1070 1829 1135 1872 Oh,
1151 1830 1249 1864 teach
1264 1839 1318 1862 me
1332 1830 1420 1863 from
1434 1839 1493 1872 my
1509 1830 1608 1864 heart
1622 1834 1657 1864 to
1672 1839 1742 1874 say,

1205 1874 1313 1917 "Thy
1327 1874 1400 1907 will
1413 1875 1455 1907 be
1470 1874 1603 1909 done!"

306 1935 326 1967 5
350 1932 491 1967 Hushed
504 1933 535 1966 is
549 1932 631 1965 each
639 1932 753 1973 doubt,
763 1941 853 1973 gone
865 1941 936 1974 every
948 1930 1035 1972 fear;

350 1978 409 2021 My
423 1978 521 2019 spirit
538 1985 646 2011 seems
660 1976 696 2008 in
713 1976 842 2008 heaven
855 1977 891 2008 to
905 1979 997 2018 stay;

1072 1967 1092 1996 2
1117 1963 1221 1996 What
1235 1963 1367 2006 though
1382 1962 1420 1996 in
1433 1962 1545 2006 lonely
1559 1963 1651 2006 grief
1660 1963 1680 1997 I
1692 1963 1770 2006 sigh

306 2023 388 2056 And
402 2022 476 2055 e'en
489 2022 549 2054 the
564 2021 763 2063 penitential
776 2022 850 2053 tear

1072 2009 1138 2042 For
1151 2008 1279 2042 friends
1294 2008 1435 2041 beloved
1450 2017 1495 2041 no
1507 2009 1626 2050 longer
1639 2009 1741 2051 nigh;

392 2067 429 2101 Is
443 2067 553 2108 wiped
567 2075 677 2107 away.

1071 2053 1280 2086 Submissive
1293 2053 1364 2086 still
1378 2053 1494 2086 would
1509 2054 1527 2086 I
1537 2054 1643 2096 reply,

1206 2099 1227 2116 "
1232 2097 1315 2139 Thy
1327 2097 1401 2129 will
1415 2097 1457 2130 be
1472 2097 1601 2131 done!'

306 2134 414 2179 432

607 2142 669 2170 God
678 2143 703 2169 is
712 2141 781 2169 love.

973 2140 1036 2176 (86)

307 2203 326 2234 1
349 2201 369 2234 I
384 2210 448 2233 can
462 2202 524 2233 not
537 2199 666 2241 always
679 2200 771 2231 trace
785 2197 845 2231 the
859 2207 938 2240 way

1072 2190 1093 2220 3
1115 2187 1151 2220 If
1161 2187 1246 2221 thou
1260 2186 1416 2220 shouldst
1431 2186 1495 2220 call
1510 2196 1566 2220 me
1579 2190 1616 2220 to
1630 2187 1745 2229 resign

353 2245 476 2278 Where
489 2245 582 2285 thou,
598 2244 766 2285 almighty
775 2242 831 2282 One,
851 2243 906 2277 dost
920 2251 1035 2282 move;

1077 2232 1179 2265 What
1191 2235 1279 2265 most
1294 2232 1312 2264 I
1327 2232 1492 2273 prize-it
1504 2232 1595 2264 ne'er
1610 2240 1681 2264 was
1700 2232 1803 2274 mine,

307 2290 378 2323 But
391 2290 410 2322 I
425 2298 487 2322 can
501 2290 641 2330 always,
658 2289 785 2329 always
798 2295 870 2330 say,

1073 2276 1090 2310 I
1104 2277 1187 2318 only
1200 2276 1295 2318 yield
1310 2277 1389 2309 thee
1402 2276 1498 2309 what
1511 2285 1584 2309 was
1603 2276 1714 2309 thine:

440 2333 530 2366 That
539 2332 614 2366 God
628 2333 659 2365 is
672 2332 757 2365 love.

1208 2320 1313 2363 "Thy
1327 2321 1399 2353 will
1414 2320 1456 2353 be
1471 2319 1602 2354 done!"

310 2415 330 2445 2
354 2412 466 2445 When
479 2412 552 2445 fear
562 2411 623 2444 her
636 2410 779 2451 chilling
792 2409 922 2443 mantle
937 2408 1040 2451 flings

1072 2413 1095 2443 4
1117 2409 1154 2442 If
1167 2409 1230 2442 but
1243 2419 1304 2452 my
1314 2409 1464 2452 fainting
1477 2410 1575 2444 heart
1583 2411 1625 2444 be
1639 2411 1728 2444 blest

353 2456 433 2490 O'er
446 2457 550 2497 earth,
566 2465 627 2497 my
640 2456 716 2488 soul
731 2457 767 2487 to
782 2454 912 2487 heaven
921 2454 1037 2495 above,

1073 2454 1170 2487 With
1184 2453 1246 2496 thy
1261 2457 1368 2488 sweet
1380 2454 1491 2496 Spirit
1503 2455 1557 2489 for
1570 2456 1616 2489 its
1630 2458 1737 2499 guest,

309 2500 360 2534 As
377 2503 414 2534 to
428 2501 489 2533 her
503 2501 619 2533 native
634 2500 743 2541 home,
759 2499 956 2541 upsprings;

1073 2498 1131 2541 My
1148 2498 1231 2539 God,
1249 2501 1286 2531 to
1299 2499 1376 2532 thee
1391 2499 1410 2532 I
1423 2500 1520 2532 leave
1534 2500 1594 2532 the
1608 2503 1695 2533 rest:

442 2544 510 2577 For
532 2544 607 2577 God
621 2544 651 2577 is
664 2544 751 2577 love.

1222 2542 1317 2585 'Thy
1331 2543 1405 2576 will
1420 2544 1461 2576 be
1477 2543 1610 2578 done!"

707 2619 810 2654 Oriel,
828 2619 906 2655 Key
922 2616 993 2660 Ab.

1043 2618 1236 2656 Delaware,
1247 2619 1327 2655 Key
1339 2616 1412 2663 Ab.
