<?xml version="1.0" encoding="UTF-8"?>
<pc:PcGts xmlns:pc="http://schema.primaresearch.org/PAGE/gts/pagecontent/2019-07-15" xmlns:xsi="http://www.w3.org/2001/XMLSchema-instance" xsi:schemaLocation="http://schema.primaresearch.org/PAGE/gts/pagecontent/2019-07-15 http://schema.primaresearch.org/PAGE/gts/pagecontent/2019-07-15/pagecontent.xsd">
    <pc:Metadata>
        <pc:Creator>OCR-D/core 2.50.0</pc:Creator>
        <pc:Created>2023-05-03T15:37:34.555273</pc:Created>
        <pc:LastChange>2023-05-03T15:37:34.555273</pc:LastChange>
    </pc:Metadata>
    <pc:Page imageFilename="google-ocr-testbed/images/1871-Kindwo-EMU-0082.jpg" imageWidth="2644" imageHeight="2031">
        <pc:TextRegion id="region-49db63c7-7506-49d9-8e9b-37e704fba43f">
            <pc:Coords points="54,45 2572,78 2607,1958 87,1970"/>
            <pc:TextLine id="line-c5d02cbb-a8e1-4818-9586-a625ddbf8cd0">
                <pc:Coords points="386,219 452,219 453,263 387,262"/>
                <pc:Word id="word-7333c825-51a3-4f73-8aa1-80a7e40e1e53">
                    <pc:Coords points="386,219 452,219 453,263 387,262"/>
                    <pc:TextEquiv>
                        <pc:Unicode>76</pc:Unicode>
                    </pc:TextEquiv>
                </pc:Word>
                <pc:TextEquiv>
                    <pc:Unicode>76</pc:Unicode>
                </pc:TextEquiv>
            </pc:TextLine>
            <pc:TextLine id="line-e30eb4cc-f818-41f7-b74b-b8f3e5c96801">
                <pc:Coords points="1051,220 1746,228 1747,274 1052,266"/>
                <pc:Word id="word-42fd7e4b-4a9b-44c1-8fd2-4eec04fbaa29">
                    <pc:Coords points="1051,224 1163,225 1164,267 1052,266"/>
                    <pc:TextEquiv>
                        <pc:Unicode>THE</pc:Unicode>
                    </pc:TextEquiv>
                </pc:Word>
                <pc:Word id="word-0d4d2378-7e49-4c9d-81a7-2ac8979b5dc6">
                    <pc:Coords points="1202,224 1357,226 1358,268 1203,266"/>
                    <pc:TextEquiv>
                        <pc:Unicode>RIVER</pc:Unicode>
                    </pc:TextEquiv>
                </pc:Word>
                <pc:Word id="word-d5cfc5ca-17b2-4f1a-838a-674619a116a1">
                    <pc:Coords points="1396,224 1466,225 1467,267 1397,266"/>
                    <pc:TextEquiv>
                        <pc:Unicode>OF</pc:Unicode>
                    </pc:TextEquiv>
                </pc:Word>
                <pc:Word id="word-92912bcc-7156-4f21-b80c-4f071f556844">
                    <pc:Coords points="1505,225 1632,227 1633,268 1506,266"/>
                    <pc:TextEquiv>
                        <pc:Unicode>LIFE.</pc:Unicode>
                    </pc:TextEquiv>
                </pc:Word>
                <pc:Word id="word-64baa9f9-e758-4b35-bbe3-96327bc02e71">
                    <pc:Coords points="1683,228 1746,229 1747,259 1683,258"/>
                    <pc:TextEquiv>
                        <pc:Unicode>11s.</pc:Unicode>
                    </pc:TextEquiv>
                </pc:Word>
                <pc:TextEquiv>
                    <pc:Unicode>THE RIVER OF LIFE. 11s.</pc:Unicode>
                </pc:TextEquiv>
            </pc:TextLine>
            <pc:TextLine id="line-cf00de46-b866-4ae5-98ce-87548c1230be">
                <pc:Coords points="479,463 2326,480 2326,524 479,508"/>
                <pc:Word id="word-2229f796-3431-4612-9b86-5930ea072bdd">
                    <pc:Coords points="479,480 505,481 506,508 479,508"/>
                    <pc:TextEquiv>
                        <pc:Unicode>1.</pc:Unicode>
                    </pc:TextEquiv>
                </pc:Word>
                <pc:Word id="word-12e46a52-6424-4386-9cbb-4f000e3b0e30">
                    <pc:Coords points="521,480 567,480 567,508 521,508"/>
                    <pc:TextEquiv>
                        <pc:Unicode>Oh</pc:Unicode>
                    </pc:TextEquiv>
                </pc:Word>
                <pc:Word id="word-72de45ff-2965-4a2d-b0d9-71996afa86af">
                    <pc:Coords points="575,481 584,481 585,508 576,508"/>
                    <pc:TextEquiv>
                        <pc:Unicode>!</pc:Unicode>
                    </pc:TextEquiv>
                </pc:Word>
                <pc:Word id="word-cf010825-7094-4376-a42c-8f308f463b47">
                    <pc:Coords points="594,480 682,481 682,508 595,508"/>
                    <pc:TextEquiv>
                        <pc:Unicode>there</pc:Unicode>
                    </pc:TextEquiv>
                </pc:Word>
                <pc:Word id="word-16bb6c3b-edd1-477f-95fa-b32cecec41f6">
                    <pc:Coords points="696,480 724,480 725,508 696,507"/>
                    <pc:TextEquiv>
                        <pc:Unicode>is</pc:Unicode>
                    </pc:TextEquiv>
                </pc:Word>
                <pc:Word id="word-761df403-0abf-4868-a89b-9f7aba7fb981">
                    <pc:Coords points="734,488 753,488 753,507 735,507"/>
                    <pc:TextEquiv>
                        <pc:Unicode>a</pc:Unicode>
                    </pc:TextEquiv>
                </pc:Word>
                <pc:Word id="word-b88e7d06-bcd5-43af-927a-56727ec8e4c6">
                    <pc:Coords points="761,480 845,480 845,508 762,507"/>
                    <pc:TextEquiv>
                        <pc:Unicode>river</pc:Unicode>
                    </pc:TextEquiv>
                </pc:Word>
                <pc:Word id="word-656da5ef-6e8c-4d28-8240-917514058256">
                    <pc:Coords points="854,480 959,481 960,508 855,507"/>
                    <pc:TextEquiv>
                        <pc:Unicode>whose</pc:Unicode>
                    </pc:TextEquiv>
                </pc:Word>
                <pc:Word id="word-97f5c32c-e286-4f46-b536-0f7f0b9d64d8">
                    <pc:Coords points="965,479 1049,480 1050,508 966,507"/>
                    <pc:TextEquiv>
                        <pc:Unicode>fresh</pc:Unicode>
                    </pc:TextEquiv>
                </pc:Word>
                <pc:Word id="word-cf23d0de-3b62-4422-b523-d9b89b151ea1">
                    <pc:Coords points="1058,481 1170,482 1170,509 1058,508"/>
                    <pc:TextEquiv>
                        <pc:Unicode>waters</pc:Unicode>
                    </pc:TextEquiv>
                </pc:Word>
                <pc:Word id="word-c1ee7c5f-4afb-4663-8a6e-4e2d79a9ef05">
                    <pc:Coords points="1176,478 1246,479 1247,507 1177,507"/>
                    <pc:TextEquiv>
                        <pc:Unicode>flow</pc:Unicode>
                    </pc:TextEquiv>
                </pc:Word>
                <pc:Word id="word-201bab40-0316-44a2-8708-c2f2629114b5">
                    <pc:Coords points="1254,479 1326,480 1326,508 1254,507"/>
                    <pc:TextEquiv>
                        <pc:Unicode>O'er</pc:Unicode>
                    </pc:TextEquiv>
                </pc:Word>
                <pc:Word id="word-5ce4cbc0-6a88-4f9e-af3d-80fdfdcc8c6f">
                    <pc:Coords points="1334,478 1446,479 1446,507 1334,506"/>
                    <pc:TextEquiv>
                        <pc:Unicode>earth's</pc:Unicode>
                    </pc:TextEquiv>
                </pc:Word>
                <pc:Word id="word-4cc00866-caca-400f-a499-7797435a836b">
                    <pc:Coords points="1454,478 1596,479 1596,507 1454,506"/>
                    <pc:TextEquiv>
                        <pc:Unicode>broadest</pc:Unicode>
                    </pc:TextEquiv>
                </pc:Word>
                <pc:Word id="word-65e6d451-75e8-4eb9-bccb-47b8f1297763">
                    <pc:Coords points="1604,478 1725,480 1725,513 1604,511"/>
                    <pc:TextEquiv>
                        <pc:Unicode>surface</pc:Unicode>
                    </pc:TextEquiv>
                </pc:Word>
                <pc:Word id="word-d3c13f68-5526-494d-98a5-b38fb984520d">
                    <pc:Coords points="1734,486 1753,486 1753,508 1734,508"/>
                    <pc:TextEquiv>
                        <pc:Unicode>a</pc:Unicode>
                    </pc:TextEquiv>
                </pc:Word>
                <pc:Word id="word-b4cd99dc-83a9-479b-b158-e1042eb06760">
                    <pc:Coords points="1760,486 1830,487 1830,508 1760,507"/>
                    <pc:TextEquiv>
                        <pc:Unicode>cure</pc:Unicode>
                    </pc:TextEquiv>
                </pc:Word>
                <pc:Word id="word-1a2974f9-803d-41ee-839b-3be52e082867">
                    <pc:Coords points="1836,479 1884,480 1885,508 1836,507"/>
                    <pc:TextEquiv>
                        <pc:Unicode>for</pc:Unicode>
                    </pc:TextEquiv>
                </pc:Word>
                <pc:Word id="word-21329b11-0058-4d16-993e-4918f732d1d0">
                    <pc:Coords points="1890,479 1933,479 1933,508 1891,508"/>
                    <pc:TextEquiv>
                        <pc:Unicode>all</pc:Unicode>
                    </pc:TextEquiv>
                </pc:Word>
                <pc:Word id="word-95701eec-059c-472a-94c5-cc036585cb38">
                    <pc:Coords points="1940,486 2022,486 2023,508 1941,507"/>
                    <pc:TextEquiv>
                        <pc:Unicode>woe:</pc:Unicode>
                    </pc:TextEquiv>
                </pc:Word>
                <pc:Word id="word-935f6f26-56ff-4571-8634-3f76856c5112">
                    <pc:Coords points="2031,480 2078,481 2079,508 2031,508"/>
                    <pc:TextEquiv>
                        <pc:Unicode>Its</pc:Unicode>
                    </pc:TextEquiv>
                </pc:Word>
                <pc:Word id="word-6b128f60-2af1-4c87-9cd1-9987be15cc7e">
                    <pc:Coords points="2088,482 2216,483 2217,509 2088,507"/>
                    <pc:TextEquiv>
                        <pc:Unicode>streams</pc:Unicode>
                    </pc:TextEquiv>
                </pc:Word>
                <pc:Word id="word-30de2afa-34f8-4b67-9336-593c5732d4fd">
                    <pc:Coords points="2223,487 2279,488 2279,510 2224,509"/>
                    <pc:TextEquiv>
                        <pc:Unicode>are</pc:Unicode>
                    </pc:TextEquiv>
                </pc:Word>
                <pc:Word id="word-989d9e53-eca6-44e0-b732-574f461d7bb5">
                    <pc:Coords points="2283,480 2326,480 2326,508 2283,508"/>
                    <pc:TextEquiv>
                        <pc:Unicode>all</pc:Unicode>
                    </pc:TextEquiv>
                </pc:Word>
                <pc:TextEquiv>
                    <pc:Unicode>1. Oh ! there is a river whose fresh waters flow O'er earth's broadest surface a cure for all woe: Its streams are all</pc:Unicode>
                </pc:TextEquiv>
            </pc:TextLine>
            <pc:TextLine id="line-6857c33d-a898-40d5-ba11-7e52a886be5c">
                <pc:Coords points="575,574 602,574 603,616 576,616"/>
                <pc:Word id="word-103d3170-8beb-4489-8c55-96c06a558bae">
                    <pc:Coords points="575,574 602,574 603,616 576,616"/>
                    <pc:TextEquiv>
                        <pc:Unicode>3</pc:Unicode>
                    </pc:TextEquiv>
                </pc:Word>
                <pc:TextEquiv>
                    <pc:Unicode>3</pc:Unicode>
                </pc:TextEquiv>
            </pc:TextLine>
            <pc:TextLine id="line-418ad331-11e0-43f5-b81d-d31020a02e00">
                <pc:Coords points="472,720 501,721 502,748 473,747"/>
                <pc:Word id="word-62479064-4611-4d6d-8e5e-bb805d688f75">
                    <pc:Coords points="472,720 501,721 502,748 473,747"/>
                    <pc:TextEquiv>
                        <pc:Unicode>2.</pc:Unicode>
                    </pc:TextEquiv>
                </pc:Word>
                <pc:TextEquiv>
                    <pc:Unicode>2.</pc:Unicode>
                </pc:TextEquiv>
            </pc:TextLine>
            <pc:TextLine id="line-7b313c7b-34d7-484b-9916-41e05b6ed325">
                <pc:Coords points="617,705 2307,717 2307,760 618,749"/>
                <pc:Word id="word-4e25658e-ee83-453b-a320-4e85d386bef0">
                    <pc:Coords points="617,718 675,718 676,747 618,747"/>
                    <pc:TextEquiv>
                        <pc:Unicode>Oh</pc:Unicode>
                    </pc:TextEquiv>
                </pc:Word>
                <pc:Word id="word-c124a1d4-f360-493f-a0c7-a8f14a79b26a">
                    <pc:Coords points="698,718 789,719 789,746 699,746"/>
                    <pc:TextEquiv>
                        <pc:Unicode>drink</pc:Unicode>
                    </pc:TextEquiv>
                </pc:Word>
                <pc:Word id="word-3ee50937-777a-4274-95b8-92cf0289dab1">
                    <pc:Coords points="798,718 834,719 834,746 799,746"/>
                    <pc:TextEquiv>
                        <pc:Unicode>of</pc:Unicode>
                    </pc:TextEquiv>
                </pc:Word>
                <pc:Word id="word-d9783bd5-25a8-490b-9627-361e251e278a">
                    <pc:Coords points="836,718 900,718 901,746 836,746"/>
                    <pc:TextEquiv>
                        <pc:Unicode>this</pc:Unicode>
                    </pc:TextEquiv>
                </pc:Word>
                <pc:Word id="word-d616fb86-a797-4691-a2d2-c189d3fc0f54">
                    <pc:Coords points="909,718 1000,719 1000,751 910,751"/>
                    <pc:TextEquiv>
                        <pc:Unicode>river,</pc:Unicode>
                    </pc:TextEquiv>
                </pc:Word>
                <pc:Word id="word-ffbe65f6-2827-45bb-b626-a4db9f3def10">
                    <pc:Coords points="1011,718 1052,718 1053,746 1012,745"/>
                    <pc:TextEquiv>
                        <pc:Unicode>its</pc:Unicode>
                    </pc:TextEquiv>
                </pc:Word>
                <pc:Word id="word-e28a4bb5-7b4e-49b2-8cce-c773b11ea3ee">
                    <pc:Coords points="1062,717 1117,718 1118,745 1063,745"/>
                    <pc:TextEquiv>
                        <pc:Unicode>full</pc:Unicode>
                    </pc:TextEquiv>
                </pc:Word>
                <pc:Word id="word-7d0de46d-33b6-4ea8-8b40-64abce5834b6">
                    <pc:Coords points="1125,716 1235,717 1235,751 1126,751"/>
                    <pc:TextEquiv>
                        <pc:Unicode>crystal</pc:Unicode>
                    </pc:TextEquiv>
                </pc:Word>
                <pc:Word id="word-650b0c81-2f74-4dad-9e85-e7d643cf749a">
                    <pc:Coords points="1243,716 1323,716 1323,745 1243,744"/>
                    <pc:TextEquiv>
                        <pc:Unicode>flood</pc:Unicode>
                    </pc:TextEquiv>
                </pc:Word>
                <pc:Word id="word-b1a63750-c7d6-42c1-abb9-1867f9ce85ba">
                    <pc:Coords points="1339,716 1501,718 1501,745 1340,744"/>
                    <pc:TextEquiv>
                        <pc:Unicode>Refreshes</pc:Unicode>
                    </pc:TextEquiv>
                </pc:Word>
                <pc:Word id="word-7641ab88-7d76-47c9-84ba-2264686a679b">
                    <pc:Coords points="1509,716 1569,717 1569,745 1509,744"/>
                    <pc:TextEquiv>
                        <pc:Unicode>and</pc:Unicode>
                    </pc:TextEquiv>
                </pc:Word>
                <pc:Word id="word-637244ee-d18c-4586-8f2c-eb3e0685a551">
                    <pc:Coords points="1575,716 1708,717 1709,751 1576,751"/>
                    <pc:TextEquiv>
                        <pc:Unicode>lightens</pc:Unicode>
                    </pc:TextEquiv>
                </pc:Word>
                <pc:Word id="word-0a3ab654-3057-477a-bcb1-1a06f81ad89c">
                    <pc:Coords points="1718,715 1753,716 1754,743 1718,743"/>
                    <pc:TextEquiv>
                        <pc:Unicode>of</pc:Unicode>
                    </pc:TextEquiv>
                </pc:Word>
                <pc:Word id="word-2bd11cb9-d254-4552-a536-6cab7bdd5a5c">
                    <pc:Coords points="1758,716 1832,716 1832,744 1758,743"/>
                    <pc:TextEquiv>
                        <pc:Unicode>sin's</pc:Unicode>
                    </pc:TextEquiv>
                </pc:Word>
                <pc:Word id="word-89b9f28c-d862-4c90-a5d1-19ca900f7704">
                    <pc:Coords points="1841,722 1941,723 1941,750 1842,750"/>
                    <pc:TextEquiv>
                        <pc:Unicode>weary</pc:Unicode>
                    </pc:TextEquiv>
                </pc:Word>
                <pc:Word id="word-a4170a6f-45cb-4d49-b824-4f95a1bd8921">
                    <pc:Coords points="1952,715 2038,716 2038,748 1952,747"/>
                    <pc:TextEquiv>
                        <pc:Unicode>load;</pc:Unicode>
                    </pc:TextEquiv>
                </pc:Word>
                <pc:Word id="word-ffcd80a3-9328-492e-91ac-f956cccb6e82">
                    <pc:Coords points="2046,716 2092,716 2092,743 2046,743"/>
                    <pc:TextEquiv>
                        <pc:Unicode>Its</pc:Unicode>
                    </pc:TextEquiv>
                </pc:Word>
                <pc:Word id="word-12ff3d15-c88e-43c5-9624-cf8e1406c4ba">
                    <pc:Coords points="2101,715 2213,716 2214,750 2101,749"/>
                    <pc:TextEquiv>
                        <pc:Unicode>ripples</pc:Unicode>
                    </pc:TextEquiv>
                </pc:Word>
                <pc:Word id="word-38e72096-acb3-42f3-a4fb-0f66157116ba">
                    <pc:Coords points="2222,717 2307,718 2307,744 2223,744"/>
                    <pc:TextEquiv>
                        <pc:Unicode>ne'er</pc:Unicode>
                    </pc:TextEquiv>
                </pc:Word>
                <pc:TextEquiv>
                    <pc:Unicode>Oh drink of this river, its full crystal flood Refreshes and lightens of sin's weary load; Its ripples ne'er</pc:Unicode>
                </pc:TextEquiv>
            </pc:TextLine>
            <pc:TextLine id="line-70c70870-0342-4d61-a42a-24610ba5c25f">
                <pc:Coords points="472,764 500,764 500,792 473,792"/>
                <pc:Word id="word-fed79fb7-9588-45e0-a83e-8353c57db3e4">
                    <pc:Coords points="472,764 500,764 500,792 473,792"/>
                    <pc:TextEquiv>
                        <pc:Unicode>3.</pc:Unicode>
                    </pc:TextEquiv>
                </pc:Word>
                <pc:TextEquiv>
                    <pc:Unicode>3.</pc:Unicode>
                </pc:TextEquiv>
            </pc:TextLine>
            <pc:TextLine id="line-c1e36e80-d071-4b74-afa4-332fec387a0b">
                <pc:Coords points="599,750 2335,761 2336,803 599,792"/>
                <pc:Word id="word-f442fbb2-d3cd-4908-bbcc-28ada30d4cbb">
                    <pc:Coords points="599,762 674,763 675,791 599,791"/>
                    <pc:TextEquiv>
                        <pc:Unicode>This</pc:Unicode>
                    </pc:TextEquiv>
                </pc:Word>
                <pc:Word id="word-21272dc3-9e09-4a67-815b-f0de52efd7a3">
                    <pc:Coords points="685,761 834,762 834,791 686,790"/>
                    <pc:TextEquiv>
                        <pc:Unicode>beautiful</pc:Unicode>
                    </pc:TextEquiv>
                </pc:Word>
                <pc:Word id="word-0eb56169-b11d-4803-bad4-46cd667fd23d">
                    <pc:Coords points="843,763 926,764 926,791 843,790"/>
                    <pc:TextEquiv>
                        <pc:Unicode>river</pc:Unicode>
                    </pc:TextEquiv>
                </pc:Word>
                <pc:Word id="word-d1fc2df0-6c10-440e-8695-beb83a7de2da">
                    <pc:Coords points="936,769 994,770 994,791 936,791"/>
                    <pc:TextEquiv>
                        <pc:Unicode>our</pc:Unicode>
                    </pc:TextEquiv>
                </pc:Word>
                <pc:Word id="word-31c69ac2-36c2-4007-84fc-7f95bc756890">
                    <pc:Coords points="1003,762 1092,763 1093,791 1004,790"/>
                    <pc:TextEquiv>
                        <pc:Unicode>boast</pc:Unicode>
                    </pc:TextEquiv>
                </pc:Word>
                <pc:Word id="word-320559b5-0a5c-4110-ba76-803035c33a44">
                    <pc:Coords points="1100,762 1169,762 1170,790 1101,789"/>
                    <pc:TextEquiv>
                        <pc:Unicode>well</pc:Unicode>
                    </pc:TextEquiv>
                </pc:Word>
                <pc:Word id="word-1b1d0f40-08c2-4684-adf5-05cf5b59dd2f">
                    <pc:Coords points="1178,769 1248,769 1249,796 1178,796"/>
                    <pc:TextEquiv>
                        <pc:Unicode>may</pc:Unicode>
                    </pc:TextEquiv>
                </pc:Word>
                <pc:Word id="word-158dba17-bf0e-49af-914b-4270baf2b407">
                    <pc:Coords points="1260,761 1310,761 1311,797 1261,797"/>
                    <pc:TextEquiv>
                        <pc:Unicode>be,</pc:Unicode>
                    </pc:TextEquiv>
                </pc:Word>
                <pc:Word id="word-4ac596dc-5d20-46f9-b91d-6724136a184b">
                    <pc:Coords points="1323,761 1387,762 1387,789 1323,789"/>
                    <pc:TextEquiv>
                        <pc:Unicode>'Tis</pc:Unicode>
                    </pc:TextEquiv>
                </pc:Word>
                <pc:Word id="word-2bea6ece-44ca-49da-a420-0c9a4424ac92">
                    <pc:Coords points="1396,760 1490,760 1491,796 1397,795"/>
                    <pc:TextEquiv>
                        <pc:Unicode>fresh,</pc:Unicode>
                    </pc:TextEquiv>
                </pc:Word>
                <pc:Word id="word-e522606d-5fbf-40f0-897f-e1070c6c8c99">
                    <pc:Coords points="1504,759 1729,761 1730,795 1505,794"/>
                    <pc:TextEquiv>
                        <pc:Unicode>O-ver-flowing,</pc:Unicode>
                    </pc:TextEquiv>
                </pc:Word>
                <pc:Word id="word-5861ee46-83e0-4a6d-b31f-626f4fe19095">
                    <pc:Coords points="1743,759 1804,760 1805,788 1743,787"/>
                    <pc:TextEquiv>
                        <pc:Unicode>and</pc:Unicode>
                    </pc:TextEquiv>
                </pc:Word>
                <pc:Word id="word-876c48b4-86d2-4fa2-9614-a801b10e372e">
                    <pc:Coords points="1812,759 1921,760 1922,794 1813,793"/>
                    <pc:TextEquiv>
                        <pc:Unicode>better,</pc:Unicode>
                    </pc:TextEquiv>
                </pc:Word>
                <pc:Word id="word-bf9d7c24-c01c-4c41-8b88-5033ffe90698">
                    <pc:Coords points="1930,760 1980,760 1980,787 1930,787"/>
                    <pc:TextEquiv>
                        <pc:Unicode>'tis</pc:Unicode>
                    </pc:TextEquiv>
                </pc:Word>
                <pc:Word id="word-51798d1b-ea33-47da-aab0-3cd2ef3a1a7e">
                    <pc:Coords points="1989,759 2054,760 2055,787 1990,787"/>
                    <pc:TextEquiv>
                        <pc:Unicode>free</pc:Unicode>
                    </pc:TextEquiv>
                </pc:Word>
                <pc:Word id="word-b1732eb2-7c11-4ed9-b276-3770f34f1da4">
                    <pc:Coords points="2062,761 2071,761 2071,787 2063,787"/>
                    <pc:TextEquiv>
                        <pc:Unicode>!</pc:Unicode>
                    </pc:TextEquiv>
                </pc:Word>
                <pc:Word id="word-6bbf7fa8-7b25-40ad-928d-00376b070e84">
                    <pc:Coords points="2079,760 2143,760 2143,787 2080,787"/>
                    <pc:TextEquiv>
                        <pc:Unicode>The</pc:Unicode>
                    </pc:TextEquiv>
                </pc:Word>
                <pc:Word id="word-49154629-05dc-46e4-b056-4a4cbefc7968">
                    <pc:Coords points="2153,760 2280,761 2280,788 2153,788"/>
                    <pc:TextEquiv>
                        <pc:Unicode>sin-sick</pc:Unicode>
                    </pc:TextEquiv>
                </pc:Word>
                <pc:Word id="word-010de85d-af71-434d-82d6-53ababe25520">
                    <pc:Coords points="2289,768 2335,768 2335,788 2289,788"/>
                    <pc:TextEquiv>
                        <pc:Unicode>re-</pc:Unicode>
                    </pc:TextEquiv>
                </pc:Word>
                <pc:TextEquiv>
                    <pc:Unicode>This beautiful river our boast well may be, 'Tis fresh, O-ver-flowing, and better, 'tis free ! The sin-sick re-</pc:Unicode>
                </pc:TextEquiv>
            </pc:TextLine>
            <pc:TextLine id="line-d86bdc6f-88bd-484b-9752-0cef7a1fecd0">
                <pc:Coords points="498,1259 1752,1262 1753,1300 498,1298"/>
                <pc:Word id="word-44062c5a-788a-4662-b3cc-da5d99fbe453">
                    <pc:Coords points="498,1262 630,1263 630,1298 498,1298"/>
                    <pc:TextEquiv>
                        <pc:Unicode>healing,</pc:Unicode>
                    </pc:TextEquiv>
                </pc:Word>
                <pc:Word id="word-0202f052-f4e6-4f91-884e-06b4d5adeb35">
                    <pc:Coords points="633,1263 745,1263 746,1291 634,1291"/>
                    <pc:TextEquiv>
                        <pc:Unicode>there's</pc:Unicode>
                    </pc:TextEquiv>
                </pc:Word>
                <pc:Word id="word-ab0813c0-0c82-4d5a-92dc-7d6dae2be758">
                    <pc:Coords points="751,1262 806,1262 806,1290 751,1290"/>
                    <pc:TextEquiv>
                        <pc:Unicode>life</pc:Unicode>
                    </pc:TextEquiv>
                </pc:Word>
                <pc:Word id="word-2fd1e3bf-cf61-4caf-b13a-d65ce934ddbd">
                    <pc:Coords points="813,1262 847,1262 847,1289 814,1289"/>
                    <pc:TextEquiv>
                        <pc:Unicode>in</pc:Unicode>
                    </pc:TextEquiv>
                </pc:Word>
                <pc:Word id="word-69532ad9-8bee-42cb-bec5-88fd15f07db0">
                    <pc:Coords points="855,1262 930,1262 930,1290 856,1290"/>
                    <pc:TextEquiv>
                        <pc:Unicode>each</pc:Unicode>
                    </pc:TextEquiv>
                </pc:Word>
                <pc:Word id="word-83d1300d-ebc1-4729-af5e-637692a7b6bd">
                    <pc:Coords points="936,1269 1031,1269 1031,1296 936,1295"/>
                    <pc:TextEquiv>
                        <pc:Unicode>wave,</pc:Unicode>
                    </pc:TextEquiv>
                </pc:Word>
                <pc:Word id="word-a4aec817-f8b5-46ea-a4af-175f20a0ecfc">
                    <pc:Coords points="1036,1262 1090,1262 1091,1296 1036,1296"/>
                    <pc:TextEquiv>
                        <pc:Unicode>Oh,</pc:Unicode>
                    </pc:TextEquiv>
                </pc:Word>
                <pc:Word id="word-eb37932d-c56e-4d20-a3ac-5e8f3d86767e">
                    <pc:Coords points="1097,1263 1146,1263 1147,1297 1098,1297"/>
                    <pc:TextEquiv>
                        <pc:Unicode>try</pc:Unicode>
                    </pc:TextEquiv>
                </pc:Word>
                <pc:Word id="word-a8367243-25ec-4aa2-8ed2-dd18f3c8269b">
                    <pc:Coords points="1155,1261 1184,1261 1185,1290 1156,1290"/>
                    <pc:TextEquiv>
                        <pc:Unicode>it</pc:Unicode>
                    </pc:TextEquiv>
                </pc:Word>
                <pc:Word id="word-8a97093b-25a9-4bb5-b813-d21be36542aa">
                    <pc:Coords points="1194,1262 1257,1262 1257,1290 1195,1290"/>
                    <pc:TextEquiv>
                        <pc:Unicode>and</pc:Unicode>
                    </pc:TextEquiv>
                </pc:Word>
                <pc:Word id="word-598a8a5d-db56-4fd4-8d43-968cdd59784c">
                    <pc:Coords points="1266,1268 1361,1269 1361,1297 1267,1297"/>
                    <pc:TextEquiv>
                        <pc:Unicode>prove</pc:Unicode>
                    </pc:TextEquiv>
                </pc:Word>
                <pc:Word id="word-4b88f9d2-e0be-4d67-8b33-b9eee4113995">
                    <pc:Coords points="1370,1262 1407,1262 1408,1296 1371,1296"/>
                    <pc:TextEquiv>
                        <pc:Unicode>it,</pc:Unicode>
                    </pc:TextEquiv>
                </pc:Word>
                <pc:Word id="word-ab38aea6-3b8f-4dde-b616-23814fe0c1b9">
                    <pc:Coords points="1414,1262 1466,1262 1466,1290 1414,1290"/>
                    <pc:TextEquiv>
                        <pc:Unicode>'tis</pc:Unicode>
                    </pc:TextEquiv>
                </pc:Word>
                <pc:Word id="word-ba354c55-6f88-466f-b0a7-d14601985152">
                    <pc:Coords points="1476,1261 1595,1261 1595,1297 1477,1297"/>
                    <pc:TextEquiv>
                        <pc:Unicode>mighty</pc:Unicode>
                    </pc:TextEquiv>
                </pc:Word>
                <pc:Word id="word-924db7f4-6101-482f-a499-7b528585bd7c">
                    <pc:Coords points="1603,1263 1637,1263 1637,1290 1604,1290"/>
                    <pc:TextEquiv>
                        <pc:Unicode>to</pc:Unicode>
                    </pc:TextEquiv>
                </pc:Word>
                <pc:Word id="word-d476d956-374f-4faf-822a-df31938cb53b">
                    <pc:Coords points="1669,1268 1752,1268 1752,1290 1670,1290"/>
                    <pc:TextEquiv>
                        <pc:Unicode>save.</pc:Unicode>
                    </pc:TextEquiv>
                </pc:Word>
                <pc:TextEquiv>
                    <pc:Unicode>healing, there's life in each wave, Oh, try it and prove it, 'tis mighty to save.</pc:Unicode>
                </pc:TextEquiv>
            </pc:TextLine>
            <pc:TextLine id="line-626ba913-0bf8-4d86-921a-520640dcbec7">
                <pc:Coords points="1981,1258 2203,1259 2204,1294 1982,1294"/>
                <pc:Word id="word-525a7cd4-d9de-4b3d-8fba-16c89b3f05c0">
                    <pc:Coords points="1981,1261 2075,1261 2075,1288 1982,1288"/>
                    <pc:TextEquiv>
                        <pc:Unicode>Halle</pc:Unicode>
                    </pc:TextEquiv>
                </pc:Word>
                <pc:Word id="word-415d44e2-6c8e-4de2-8537-5cb6017e383d">
                    <pc:Coords points="2086,1273 2099,1273 2099,1282 2086,1282"/>
                    <pc:TextEquiv>
                        <pc:Unicode>-</pc:Unicode>
                    </pc:TextEquiv>
                </pc:Word>
                <pc:Word id="word-0f919c64-d9be-4f63-b030-fb06caf193ad">
                    <pc:Coords points="2106,1259 2203,1259 2204,1294 2106,1294"/>
                    <pc:TextEquiv>
                        <pc:Unicode>lujah,</pc:Unicode>
                    </pc:TextEquiv>
                </pc:Word>
                <pc:TextEquiv>
                    <pc:Unicode>Halle - lujah,</pc:Unicode>
                </pc:TextEquiv>
            </pc:TextLine>
            <pc:TextLine id="line-5045a735-e76c-4cfc-9528-9acfbc1dc44d">
                <pc:Coords points="2033,1470 2051,1470 2051,1496 2034,1496"/>
                <pc:Word id="word-1103c112-e1c7-48b9-b07b-a494cf64821d">
                    <pc:Coords points="2033,1470 2051,1470 2051,1496 2034,1496"/>
                    <pc:TextEquiv>
                        <pc:Unicode>3</pc:Unicode>
                    </pc:TextEquiv>
                </pc:Word>
                <pc:TextEquiv>
                    <pc:Unicode>3</pc:Unicode>
                </pc:TextEquiv>
            </pc:TextLine>
            <pc:TextLine id="line-6099d5db-9ba9-4bc4-9f4d-4db324e3b0a0">
                <pc:Coords points="544,1493 2266,1493 2267,1530 545,1532"/>
                <pc:Word id="word-cf6e67ff-18a7-46cb-bc6a-b7a96f4ffba7">
                    <pc:Coords points="544,1497 613,1497 613,1524 545,1524"/>
                    <pc:TextEquiv>
                        <pc:Unicode>mix</pc:Unicode>
                    </pc:TextEquiv>
                </pc:Word>
                <pc:Word id="word-20d84ff1-dd04-4224-adb6-34eb90478c09">
                    <pc:Coords points="623,1497 699,1497 699,1524 623,1524"/>
                    <pc:TextEquiv>
                        <pc:Unicode>with</pc:Unicode>
                    </pc:TextEquiv>
                </pc:Word>
                <pc:Word id="word-204bbc0a-cf23-4fbf-902c-8f7e3b062bd3">
                    <pc:Coords points="705,1496 759,1496 760,1524 705,1524"/>
                    <pc:TextEquiv>
                        <pc:Unicode>the</pc:Unicode>
                    </pc:TextEquiv>
                </pc:Word>
                <pc:Word id="word-1bea76db-a1e6-4c97-80f4-e6cc4ea11fc5">
                    <pc:Coords points="765,1496 883,1496 884,1525 766,1525"/>
                    <pc:TextEquiv>
                        <pc:Unicode>billows</pc:Unicode>
                    </pc:TextEquiv>
                </pc:Word>
                <pc:Word id="word-c31a4a78-373f-4f10-b772-6eb1f2e9d9e2">
                    <pc:Coords points="890,1496 927,1496 927,1525 891,1525"/>
                    <pc:TextEquiv>
                        <pc:Unicode>of</pc:Unicode>
                    </pc:TextEquiv>
                </pc:Word>
                <pc:Word id="word-b4bf62be-089c-4c17-873c-767045585a71">
                    <pc:Coords points="932,1496 1029,1496 1029,1530 932,1530"/>
                    <pc:TextEquiv>
                        <pc:Unicode>strife,</pc:Unicode>
                    </pc:TextEquiv>
                </pc:Word>
                <pc:Word id="word-14f8ecdb-203c-4f41-b67f-43d1596b99fd">
                    <pc:Coords points="1037,1496 1109,1496 1110,1524 1037,1524"/>
                    <pc:TextEquiv>
                        <pc:Unicode>This</pc:Unicode>
                    </pc:TextEquiv>
                </pc:Word>
                <pc:Word id="word-c34c6abd-1f56-46b5-ade5-53be8ad5e640">
                    <pc:Coords points="1117,1497 1145,1497 1146,1524 1118,1524"/>
                    <pc:TextEquiv>
                        <pc:Unicode>is</pc:Unicode>
                    </pc:TextEquiv>
                </pc:Word>
                <pc:Word id="word-40808d24-251e-4f89-8e1a-594e71a4b1ac">
                    <pc:Coords points="1155,1497 1209,1497 1210,1525 1155,1525"/>
                    <pc:TextEquiv>
                        <pc:Unicode>the</pc:Unicode>
                    </pc:TextEquiv>
                </pc:Word>
                <pc:Word id="word-3ba7bb56-c833-46d4-868d-b7b8ef8aab64">
                    <pc:Coords points="1217,1497 1319,1497 1319,1526 1218,1526"/>
                    <pc:TextEquiv>
                        <pc:Unicode>"Pure</pc:Unicode>
                    </pc:TextEquiv>
                </pc:Word>
                <pc:Word id="word-f0800125-b071-41e6-9bbd-be0f81517194">
                    <pc:Coords points="1324,1497 1418,1497 1419,1525 1325,1525"/>
                    <pc:TextEquiv>
                        <pc:Unicode>River</pc:Unicode>
                    </pc:TextEquiv>
                </pc:Word>
                <pc:Word id="word-b851ced3-1012-42ee-bbe9-5b712631dc10">
                    <pc:Coords points="1425,1497 1463,1497 1463,1526 1426,1526"/>
                    <pc:TextEquiv>
                        <pc:Unicode>of</pc:Unicode>
                    </pc:TextEquiv>
                </pc:Word>
                <pc:Word id="word-42bed315-371b-4fbb-9d86-6d37c0ded17d">
                    <pc:Coords points="1469,1497 1577,1497 1577,1525 1469,1525"/>
                    <pc:TextEquiv>
                        <pc:Unicode>Water</pc:Unicode>
                    </pc:TextEquiv>
                </pc:Word>
                <pc:Word id="word-8346a436-4f80-4b93-a71f-8b0dcbc2cec3">
                    <pc:Coords points="1587,1496 1625,1496 1625,1525 1587,1525"/>
                    <pc:TextEquiv>
                        <pc:Unicode>of</pc:Unicode>
                    </pc:TextEquiv>
                </pc:Word>
                <pc:Word id="word-9da7328b-dfa1-4014-9794-cb1e7f861d3f">
                    <pc:Coords points="1650,1496 1750,1496 1750,1524 1651,1524"/>
                    <pc:TextEquiv>
                        <pc:Unicode>Life."</pc:Unicode>
                    </pc:TextEquiv>
                </pc:Word>
                <pc:Word id="word-b70d559a-9a0b-44e5-ac06-aee43c7dce5b">
                    <pc:Coords points="1760,1496 1963,1495 1964,1531 1760,1531"/>
                    <pc:TextEquiv>
                        <pc:Unicode>Halle-lu-jah,</pc:Unicode>
                    </pc:TextEquiv>
                </pc:Word>
                <pc:Word id="word-33aa3384-5bc7-4481-9960-4b0761a5e478">
                    <pc:Coords points="1998,1496 2026,1496 2027,1523 1998,1523"/>
                    <pc:TextEquiv>
                        <pc:Unicode>A</pc:Unicode>
                    </pc:TextEquiv>
                </pc:Word>
                <pc:Word id="word-1024f9b7-259d-4e0d-9090-1113e72b38ad">
                    <pc:Coords points="2046,1508 2058,1508 2058,1515 2046,1515"/>
                    <pc:TextEquiv>
                        <pc:Unicode>-</pc:Unicode>
                    </pc:TextEquiv>
                </pc:Word>
                <pc:Word id="word-d5266c0a-dfb9-45b7-b453-85bd6429cc22">
                    <pc:Coords points="2073,1500 2156,1500 2157,1528 2074,1528"/>
                    <pc:TextEquiv>
                        <pc:Unicode>men,</pc:Unicode>
                    </pc:TextEquiv>
                </pc:Word>
                <pc:Word id="word-a99efd3b-2e83-4a79-961c-7a1cab71e96e">
                    <pc:Coords points="2173,1493 2266,1493 2267,1521 2173,1521"/>
                    <pc:TextEquiv>
                        <pc:Unicode>Halle</pc:Unicode>
                    </pc:TextEquiv>
                </pc:Word>
                <pc:TextEquiv>
                    <pc:Unicode>mix with the billows of strife, This is the "Pure River of Water of Life." Halle-lu-jah, A - men, Halle</pc:Unicode>
                </pc:TextEquiv>
            </pc:TextLine>
            <pc:TextLine id="line-11c356ce-e7b5-4e8f-87a8-4fb202e242df">
                <pc:Coords points="500,1539 1753,1538 1754,1574 500,1575"/>
                <pc:Word id="word-2bb6c935-8d0c-4838-89b6-8d93817a2441">
                    <pc:Coords points="500,1540 582,1540 583,1574 500,1575"/>
                    <pc:TextEquiv>
                        <pc:Unicode>joice</pc:Unicode>
                    </pc:TextEquiv>
                </pc:Word>
                <pc:Word id="word-1dc8fde2-9337-4e6b-aa73-848a8a90a690">
                    <pc:Coords points="596,1540 630,1540 631,1568 597,1568"/>
                    <pc:TextEquiv>
                        <pc:Unicode>in</pc:Unicode>
                    </pc:TextEquiv>
                </pc:Word>
                <pc:Word id="word-03361e51-82b9-4c98-902b-c9bcdce2ea6e">
                    <pc:Coords points="641,1539 704,1539 705,1567 641,1568"/>
                    <pc:TextEquiv>
                        <pc:Unicode>this</pc:Unicode>
                    </pc:TextEquiv>
                </pc:Word>
                <pc:Word id="word-5d6f69ca-d40b-4dd1-94e1-520dc1c34d63">
                    <pc:Coords points="715,1539 1005,1539 1005,1575 716,1575"/>
                    <pc:TextEquiv>
                        <pc:Unicode>"peace-speaking"</pc:Unicode>
                    </pc:TextEquiv>
                </pc:Word>
                <pc:Word id="word-040fca72-d506-444b-8add-73ed722f890d">
                    <pc:Coords points="1011,1540 1082,1540 1083,1574 1012,1575"/>
                    <pc:TextEquiv>
                        <pc:Unicode>tide,</pc:Unicode>
                    </pc:TextEquiv>
                </pc:Word>
                <pc:Word id="word-c7b89268-7d3d-4807-b2ce-9ea4333eebb7">
                    <pc:Coords points="1085,1540 1156,1540 1156,1567 1086,1567"/>
                    <pc:TextEquiv>
                        <pc:Unicode>This</pc:Unicode>
                    </pc:TextEquiv>
                </pc:Word>
                <pc:Word id="word-91ce7faa-4c3a-474c-829e-3c4a49d20f24">
                    <pc:Coords points="1163,1540 1257,1540 1258,1569 1163,1569"/>
                    <pc:TextEquiv>
                        <pc:Unicode>River</pc:Unicode>
                    </pc:TextEquiv>
                </pc:Word>
                <pc:Word id="word-75c6a6f9-5713-4045-a13f-df7ad0dfed1f">
                    <pc:Coords points="1260,1541 1289,1541 1289,1568 1261,1568"/>
                    <pc:TextEquiv>
                        <pc:Unicode>is</pc:Unicode>
                    </pc:TextEquiv>
                </pc:Word>
                <pc:Word id="word-68b9ea3b-f07f-4a97-8b20-1a7ebd72d5a5">
                    <pc:Coords points="1298,1541 1400,1541 1401,1574 1299,1574"/>
                    <pc:TextEquiv>
                        <pc:Unicode>Jesus,</pc:Unicode>
                    </pc:TextEquiv>
                </pc:Word>
                <pc:Word id="word-a733a3e9-29c3-4e95-bf1d-6678c82a74c8">
                    <pc:Coords points="1410,1541 1465,1541 1465,1569 1411,1569"/>
                    <pc:TextEquiv>
                        <pc:Unicode>the</pc:Unicode>
                    </pc:TextEquiv>
                </pc:Word>
                <pc:Word id="word-b049772b-31bb-498f-b1ee-91316599bc76">
                    <pc:Coords points="1475,1539 1572,1539 1572,1568 1476,1568"/>
                    <pc:TextEquiv>
                        <pc:Unicode>"once</pc:Unicode>
                    </pc:TextEquiv>
                </pc:Word>
                <pc:Word id="word-78c6e8f3-a3d2-44bb-a81c-b960592f77dd">
                    <pc:Coords points="1579,1539 1753,1539 1754,1568 1579,1568"/>
                    <pc:TextEquiv>
                        <pc:Unicode>crucified."</pc:Unicode>
                    </pc:TextEquiv>
                </pc:Word>
                <pc:TextEquiv>
                    <pc:Unicode>joice in this "peace-speaking" tide, This River is Jesus, the "once crucified."</pc:Unicode>
                </pc:TextEquiv>
            </pc:TextLine>
            <pc:TextLine id="line-433ff84c-54de-49e3-bb99-7f2e5a32fd15">
                <pc:Coords points="1980,1726 2201,1725 2201,1760 1981,1761"/>
                <pc:Word id="word-8285b24e-48f6-4fa7-8987-97b9bbe27a5b">
                    <pc:Coords points="1980,1727 2072,1727 2072,1755 1981,1755"/>
                    <pc:TextEquiv>
                        <pc:Unicode>Halle</pc:Unicode>
                    </pc:TextEquiv>
                </pc:Word>
                <pc:Word id="word-39a0f6a9-fe38-488d-ae59-c591d0a27361">
                    <pc:Coords points="2083,1739 2096,1739 2096,1748 2083,1748"/>
                    <pc:TextEquiv>
                        <pc:Unicode>.</pc:Unicode>
                    </pc:TextEquiv>
                </pc:Word>
                <pc:Word id="word-134fe9a7-6f05-4f2a-bb73-7936cc43e10b">
                    <pc:Coords points="2104,1726 2201,1725 2201,1760 2105,1760"/>
                    <pc:TextEquiv>
                        <pc:Unicode>lujah,</pc:Unicode>
                    </pc:TextEquiv>
                </pc:Word>
                <pc:TextEquiv>
                    <pc:Unicode>Halle . lujah,</pc:Unicode>
                </pc:TextEquiv>
            </pc:TextLine>
        </pc:TextRegion>
    </pc:Page>
</pc:PcGts>
