1153 1927
200 153 277 196 158
330 165 556 197 CHRISTIAN
582 166 864 200 EXPERIENCE.

199 231 319 302 237

565 235 629 267 11s.

823 245 991 270 KIRKHAM.

438 273 587 305 Precious
598 275 763 308 Promises.

201 312 268 382 H
268 312 331 346 OW
336 315 406 346 firm
414 324 435 346 a
440 315 634 355 foundation,
639 326 682 355 ye
689 318 788 351 saints
794 319 831 350 of
835 319 890 351 the
897 318 991 358 Lord,

284 353 320 385 Is
326 353 392 385 laid
400 355 448 386 for
453 364 533 394 your
540 356 620 387 faith
629 358 664 388 in
673 357 724 389 his
731 359 885 391 excellent
891 361 974 392 word
981 360 992 392 !

199 391 298 425 What
301 402 384 425 more
391 403 449 426 can
456 395 496 426 he
501 404 559 435 say
564 396 641 429 than
646 400 679 428 to
683 406 747 436 you
754 397 795 429 he
801 398 878 430 hath
883 399 991 432 said-

200 431 269 464 You
280 433 351 466 who
362 437 441 466 unto
453 434 548 467 Jesus
560 435 609 467 for
621 436 729 477 refuge
743 438 825 470 have
837 438 906 470 fled

199 475 220 506 2
238 474 280 506 In
289 484 383 515 every
392 476 627 509 condition-in
639 479 789 517 sickness,
799 480 835 511 in
844 479 992 513 health-

199 513 240 546 In
250 516 408 553 poverty's
421 516 500 554 vale,
515 526 551 549 or
561 517 745 558 abounding
757 520 792 550 in
806 520 959 552 wealth-

199 554 243 585 At
249 554 341 586 home
349 556 412 587 and
419 556 613 589 abroad-on
624 558 679 590 the
690 558 776 597 land,
786 568 827 591 on
834 559 891 592 the
897 567 991 592 sea-

204 594 273 626 "As
285 594 345 634 thy
358 595 437 635 days
450 604 525 635 may
537 596 681 635 demand,
695 598 778 631 shall
783 599 841 639 thy
849 600 991 642 strength

317 642 391 667 ever
403 636 452 667 be.

199 676 218 708 3
238 676 348 709 "Fear
366 680 440 710 not:
459 677 482 710 I
493 687 546 711 am
559 680 636 712 with
648 680 729 712 thee
762 681 787 713 O
800 680 841 713 be
858 683 918 714 not
928 681 991 715 dis-

317 717 440 757 may'd!

198 755 227 793 I,
243 756 265 787 I
275 765 328 788 am
339 757 400 796 thy
413 757 493 796 God,
506 757 571 790 and
583 759 649 791 will
660 760 726 792 still
738 761 811 801 give
823 760 896 794 thee
908 761 981 794 aid:

198 795 253 828 I'll
263 797 447 837 strengthen
458 798 543 836 thee,
554 797 630 839 help
643 799 725 839 thee,
733 801 797 832 and
810 808 905 834 cause
917 802 991 835 thee

315 838 350 868 to
362 837 465 876 stand,

199 874 325 915 Upheld
338 876 381 916 by
394 886 449 916 my
458 876 629 918 righteous,
644 879 839 920 omnipotent
849 879 949 913 hand.

197 918 219 949 4
244 917 369 950 "When
382 918 519 961 through
531 919 586 952 the
599 920 678 961 deep
691 924 803 954 waters
814 922 836 954 I
847 922 909 955 call
916 922 991 956 thee

317 960 350 990 to
363 967 415 999 go,

198 996 267 1030 The
277 997 377 1030 rivers
390 999 426 1030 of
435 1007 484 1031 WO
496 999 579 1031 shall
588 1002 646 1032 not
656 1000 731 1034 thee
742 1000 903 1041 overflow;

198 1036 263 1070 For
273 1037 295 1069 I
305 1038 371 1069 will
381 1038 425 1070 be
435 1038 512 1071 with
525 1038 608 1078 thee,
622 1039 681 1079 thy
693 1041 832 1074 troubles
844 1044 877 1074 to
889 1041 983 1082 bless,

199 1076 273 1110 And
284 1077 422 1118 sanctify
433 1081 466 1110 to
478 1077 551 1111 thee
562 1079 622 1119 thy
634 1079 763 1120 deepest
774 1080 913 1114 distress.

200 1122 218 1153 5
240 1120 370 1154 "When
392 1121 528 1164 through
547 1123 627 1164 fiery
649 1124 739 1158 trials
760 1124 819 1164 thy
841 1124 990 1167 pathway

316 1162 397 1196 shall
408 1162 462 1201 lie,

199 1200 258 1241 My
270 1210 372 1242 grace,
386 1201 605 1242 all-sufficient,
617 1203 699 1236 shall
711 1203 751 1235 be
763 1203 821 1241 thy
834 1204 964 1246 supply:

199 1240 267 1274 The
279 1241 373 1273 flame
385 1241 466 1274 shall
477 1245 534 1273 not
545 1242 620 1274 hurt
631 1241 720 1276 thee :
741 1243 762 1275 I
773 1244 849 1284 only
860 1244 973 1286 design

200 1280 273 1321 Thy
284 1280 372 1314 dross
383 1284 417 1313 to
429 1286 585 1323 consume,
600 1283 665 1315 and
676 1282 736 1323 thy
746 1283 821 1324 gold
832 1286 866 1316 to
877 1285 985 1318 refine.

199 1324 219 1356 6
238 1325 349 1357 "E'en
361 1324 453 1358 down
464 1327 498 1358 to
513 1325 567 1358 old
581 1333 652 1367 age,
665 1326 709 1359 all
720 1335 776 1367 my
787 1327 899 1369 people
911 1327 989 1360 shall

316 1373 413 1404 prove

198 1403 256 1444 My
267 1406 441 1445 sovereign,
456 1404 582 1445 eternal,
596 1404 832 1447 unchangeable
842 1405 932 1448 love;

199 1443 272 1476 And
276 1444 368 1476 when
375 1443 473 1485 hoary
478 1444 565 1478 hairs
569 1445 652 1477 shall
656 1446 738 1477 their
742 1446 875 1487 temples
881 1447 991 1489 adorn,

199 1482 280 1516 Like
282 1483 384 1516 lambs
389 1484 466 1524 they
470 1484 552 1518 shall
556 1485 622 1518 still
629 1486 664 1517 in
671 1494 725 1525 my
730 1485 836 1519 bosom
841 1487 881 1519 be
885 1486 990 1521 borne.

198 1524 218 1558 7
237 1525 334 1560 "The
342 1526 410 1558 soul
417 1526 490 1559 that
496 1535 536 1558 on
544 1526 638 1560 Jesus
651 1527 716 1560 still
721 1527 810 1560 leans
816 1528 866 1561 for
870 1537 990 1571 repose,

199 1565 219 1597 I
230 1566 298 1597 will
307 1567 373 1605 not,
386 1566 408 1598 I
418 1566 487 1598 will
496 1569 555 1599 not
565 1565 668 1600 desert
678 1569 712 1599 to
724 1567 776 1600 his
788 1568 864 1601 foes

200 1604 284 1638 That
294 1606 372 1644 soul,
381 1605 501 1647 though
512 1606 557 1638 all
568 1605 634 1639 hell
647 1605 760 1640 should
769 1606 948 1643 endeavour
957 1610 989 1641 to

314 1644 424 1685 shake,

202 1683 253 1717 ['ll
263 1693 369 1721 never,
381 1694 423 1716 no
434 1693 535 1722 never,
548 1693 592 1718 NO
603 1693 719 1718 NEVER
731 1684 886 1721 forsake."
