2992 2277
1094 224 1238 270 OUR
1272 223 1439 269 OWN
1472 223 1666 268 DEAR
1700 224 1915 269 HOME.

2652 223 2753 270 107

400 533 426 560 1.
460 534 561 566 Home,
569 534 637 561 dear
644 534 738 566 home,
747 540 791 560 we
798 540 884 560 never
891 540 944 559 can
953 533 1054 565 forget,

1612 531 1719 558 Bless'd
1728 532 1766 563 by
1775 538 1848 563 care,
1854 538 1887 557 or
1894 530 2007 563 pierced
2016 531 2054 563 by
2063 531 2145 564 grief,

1023 565 1150 597 Friends,
1158 565 1226 591 dear
1233 565 1351 597 friends,
1359 572 1402 591 we
1408 565 1486 591 often
1494 565 1575 591 there
1583 565 1656 590 have
1664 566 1733 597 met,

2118 564 2214 590 Home
2219 564 2273 590 has
2280 562 2428 590 af-ford-ed
2436 570 2470 589 us
2478 571 2495 590 a
2503 566 2592 590 sweet
2600 570 2636 590 re
2641 577 2652 583 -
2660 564 2720 590 lief.

394 841 420 867 2.
436 841 527 868 Lured
537 842 574 874 by
583 842 650 874 gain
657 848 700 867 we
708 842 775 868 seek
782 849 800 867 a
806 841 914 874 foreign
923 842 1016 874 shore,
1024 842 1112 867 Worn
1120 840 1177 867 and
1185 847 1279 872 weary
1287 840 1361 872 keep
1369 840 1419 866 the
1428 840 1530 873 golden
1539 846 1604 869 ore;
1611 839 1677 866 Still
1686 846 1741 865 our
1747 840 1888 871 yearning
1895 838 1992 865 hearts
1999 838 2120 864 demand
2125 838 2196 865 Rest
2200 839 2231 864 in
2240 839 2290 865 the
2298 839 2461 865 homestead
2470 839 2501 865 in
2510 846 2563 865 our
2571 840 2667 866 native
2674 840 2751 866 land.

393 885 420 911 3.
437 885 477 911 On
487 886 535 911 the
543 885 637 918 gilded
645 893 716 919 page
723 886 755 912 of
762 886 873 917 earthly
883 886 958 911 fame
974 885 1057 911 Some
1066 892 1131 917 may
1140 887 1212 918 pant
1220 887 1249 911 to
1256 885 1379 917 register
1387 884 1465 911 their
1473 890 1571 915 name;
1582 884 1684 910 Round
1692 891 1747 910 our
1754 889 1852 909 names
1861 890 1898 909 no
1906 883 2014 909 wreath
2024 890 2090 914 may
2099 883 2143 914 be,

2064 917 2120 942 But
2127 923 2183 948 you
2190 923 2258 949 may
2266 917 2335 942 read
2345 916 2425 942 them
2432 923 2470 943 on
2479 917 2529 943 the
2537 917 2584 943 old
2592 917 2676 943 home
2685 920 2754 944 tree.

815 1009 1033 1044 AAAAE

1379 1008 1552 1043 AAAA

483 1284 624 1318 Chorus.

461 1528 583 1555 Ten-der
592 1529 744 1555 memories
749 1529 840 1555 round
850 1529 916 1555 thee
924 1529 1021 1560 twine,
1030 1528 1102 1555 Like
1110 1528 1160 1554 the
1167 1529 1217 1560 ivy
1224 1535 1309 1561 green
1316 1528 1408 1554 round
1417 1527 1467 1553 the
1474 1527 1558 1560 pine;
1569 1527 1641 1553 Over
1649 1526 1716 1553 land
1724 1527 1781 1553 and
1788 1534 1836 1553 sea
1844 1534 1887 1553 we
1894 1533 1960 1559 may
1966 1534 2055 1559 roam,
2063 1527 2129 1553 Still
2140 1527 2200 1553 will
2211 1534 2255 1553 we
2263 1527 2375 1554 cherish
2385 1528 2451 1553 thee
2458 1534 2511 1554 our
2517 1535 2581 1554 own
2589 1529 2657 1554 dear
2666 1529 2759 1555 home.

461 1814 582 1841 Ten-der
592 1814 741 1841 memories
749 1814 840 1841 round
849 1814 916 1840 thee
924 1815 1021 1847 twine,
1029 1814 1101 1841 Like
1110 1814 1160 1840 the
1168 1814 1217 1846 ivy
1224 1819 1314 1847 green
1319 1814 1411 1840 round
1419 1813 1469 1840 the
1476 1814 1560 1847 pine;
1570 1814 1643 1841 Over
1650 1813 1717 1839 land
1724 1814 1781 1840 and
1789 1820 1836 1840 sea
1844 1821 1888 1840 we
1896 1821 1962 1845 may
1969 1820 2058 1846 roam,
2067 1813 2133 1840 Still
2142 1814 2202 1840 will
2212 1821 2253 1840 we
2262 1815 2374 1841 cherish
2383 1815 2450 1841 thee
2456 1822 2509 1841 our
2516 1822 2580 1841 own
2589 1815 2656 1841 dear
2664 1815 2757 1841 home.
