2760 2125
1302 207 1546 253 Watcher.

2436 204 2525 253 153

324 546 344 575 1
358 546 474 574 When
485 545 580 574 shall
591 544 653 573 the
664 544 764 573 voice
774 543 815 572 of
825 544 968 580 singing

1075 544 1093 573 1
1110 543 1162 573 Go
1173 544 1279 572 when
1290 543 1353 572 the
1363 543 1530 579 morning
1541 543 1696 579 shineth,

1826 543 1846 571 1
1860 542 1882 572 I
1892 543 1990 571 want
1999 543 2037 571 to
2047 542 2092 571 be
2101 542 2179 571 like
2186 541 2302 575 Jesus,

392 579 489 607 Flow
496 578 650 612 joyfully
661 577 792 612 along?

1142 577 1194 605 Go
1205 577 1312 605 when
1323 577 1385 605 the
1397 583 1504 605 moon
1517 577 1549 605 is
1560 577 1687 611 bright,

1893 576 1939 604 So
1949 576 2058 610 lowly
2070 576 2141 604 and
2153 581 2192 604 SO
2203 575 2330 608 meek;

358 612 474 640 When
486 611 555 639 hill
565 612 638 639 and
648 611 778 644 valley,
787 611 930 644 ringing

1109 610 1161 639 Go
1174 610 1279 638 when
1291 610 1353 638 the
1364 616 1430 638 eve
1440 609 1631 644 declineth,

1861 609 1929 637 For
1940 616 1988 637 no
1998 616 2067 637 one
2077 609 2225 637 marked
2238 615 2285 636 an
2298 614 2410 642 angry
2420 607 2517 637 word

393 645 491 673 With
504 650 573 672 one
583 644 810 677 triumphant
820 649 917 678 song,

1144 643 1197 672 Go
1206 643 1247 671 in
1258 643 1321 671 the
1331 643 1425 671 hush
1438 643 1478 671 of
1484 643 1608 676 night;

1892 642 1985 671 That
1995 648 2079 670 ever
2089 641 2197 670 heard
2209 641 2288 669 him
2299 640 2421 676 speak.

358 678 532 707 Proclaim
543 677 605 705 the
617 678 752 705 contest
760 676 885 707 ended,

1110 676 1162 704 Go
1174 676 1262 704 with
1274 682 1361 710 pure
1371 676 1475 704 mind
1486 676 1558 704 and
1570 676 1709 712 feeling,

1861 674 1881 704 I
1892 676 1991 703 want
2000 676 2038 703 to
2049 674 2093 703 be
2101 675 2179 703 like
2187 674 2302 708 Jesus,

394 711 475 739 And
486 710 575 738 Him
587 710 667 739 who
678 715 766 737 once
778 715 850 737 was
859 708 963 744 slain,

1142 709 1249 738 Drive
1260 710 1400 742 earthly
1410 709 1579 743 thoughts
1591 715 1702 744 away,

1893 708 1938 736 So
1950 707 2151 741 frequently
2161 707 2204 737 in
2216 712 2361 741 prayer;

360 745 477 778 Again
489 746 526 772 to
537 743 637 771 earth
649 742 853 776 descended,

1110 742 1204 776 And,
1215 743 1256 770 in
1267 742 1334 776 thy
1345 742 1452 770 closet
1461 742 1640 779 kneeling,

1861 741 1976 770 Alone
1987 748 2082 775 upon
2094 742 2158 769 the
2168 741 2445 776 mountain-top,

392 778 438 806 In
450 777 706 812 righteousness
715 777 752 804 to
763 776 873 810 reign.

1142 776 1195 804 Do
1206 775 1294 804 thou
1305 775 1345 804 in
1356 776 1467 804 secret
1477 781 1575 809 pray.

1895 774 1951 803 He
1961 776 2038 803 met
2048 774 2107 803 his
2117 774 2247 802 Father
2255 774 2368 802 there.

325 827 347 855 2
360 826 457 854 Then
471 824 562 853 from
573 823 635 852 the
646 829 770 858 craggy
781 823 997 857 mountains,

1076 822 1098 850 2
1110 821 1321 850 Remember
1332 821 1382 850 all
1393 821 1476 850 who
1487 821 1567 850 love
1577 821 1670 855 thee,

1828 821 1849 849 2
1863 820 1884 849 I
1894 821 1992 848 want
2002 821 2040 848 to
2050 820 2095 848 be
2105 820 2181 848 like
2191 819 2311 854 Jesus;

393 858 467 886 The
478 857 597 886 sacred
607 857 715 885 shout
724 857 817 885 shall
829 856 897 890 fly;

1144 854 1228 883 And
1239 855 1321 883 who
1332 861 1393 883 are
1402 854 1506 883 loved
1518 855 1566 887 by
1578 854 1676 885 thee;

1896 853 1916 881 I
1929 858 2045 888 never,
2057 859 2168 882 never
2178 853 2254 881 find

362 891 444 920 And
454 891 569 924 shady
580 890 678 919 vales
688 889 764 918 and
772 890 956 918 fountains

1111 887 1214 922 Pray,
1224 889 1293 921 too,
1304 888 1358 916 for
1368 887 1470 916 those
1479 889 1562 915 who
1572 887 1655 916 hate
1666 887 1757 923 thee,

1862 886 1954 915 That
1964 887 2022 920 he,
2033 886 2169 921 though
2181 885 2393 920 persecuted,
2404 891 2478 914 was

393 923 494 952 Shall
506 924 592 952 echo
602 923 666 951 the
676 922 788 957 reply.

1143 921 1182 948 If
1190 927 1263 954 any
1273 921 1360 949 such
1371 921 1470 949 there
1481 920 1543 952 be;

1895 921 1945 948 To
1956 926 2029 953 any
2040 925 2108 947 one
2120 919 2273 948 unkind.

360 957 459 989 High
470 957 580 985 tower
590 956 662 984 and
672 955 781 989 lowly
791 955 960 990 dwelling

1112 954 1223 986 Then,
1235 955 1290 982 for
1299 954 1441 988 thyself,
1452 955 1493 981 in
1504 952 1701 989 meekness,

1863 952 1885 982 I
1895 954 1993 981 want
2003 954 2040 981 to
2051 953 2095 981 be
2105 952 2181 980 like
2191 952 2304 986 Jesus,

395 989 495 1018 Shall
505 989 593 1018 send
604 989 667 1017 the
678 989 805 1017 chorus
813 989 938 1024 round,

1146 988 1178 1015 A
1190 987 1342 1021 blessing
1352 987 1505 1022 humbly
1516 987 1623 1015 claim

1898 985 2062 1020 Engaged
2072 986 2113 1013 in
2125 985 2235 1019 doing
2245 985 2345 1019 good,

365 1024 426 1052 All
438 1023 650 1056 hallelujahs
659 1022 827 1055 swelling,

1115 1020 1198 1048 And
1211 1020 1317 1048 blend
1329 1020 1417 1048 with
1429 1020 1516 1048 each
1529 1020 1678 1054 petition

1869 1018 1915 1048 So
1927 1019 2007 1047 that
2018 1020 2057 1046 of
2064 1025 2124 1046 me
2134 1019 2165 1046 it
2175 1024 2261 1052 may
2269 1018 2314 1047 be
2323 1017 2412 1052 said,

395 1057 443 1085 In
453 1062 522 1084 one
533 1055 666 1084 eternal
677 1054 809 1083 sound!

1146 1053 1224 1087 Thy
1235 1054 1333 1088 great
1343 1053 1562 1082 Redeemer's
1573 1059 1691 1083 name.

1927 1052 2000 1081 She
2010 1052 2100 1080 hath
2111 1052 2204 1080 done
2217 1052 2315 1080 what
2327 1051 2391 1080 she
2404 1050 2541 1080 could."

1300 1116 1467 1165 Guide.
1520 1119 1581 1163 7s.

2144 1170 2188 1200 M.
2205 1170 2248 1201 M.
2264 1170 2409 1201 WELLS.

2440 1200 2521 1230 D.C.

2286 1427 2379 1459 ae

349 1588 364 1616 1
382 1586 478 1621 Holy
489 1586 607 1621 Spirit,
620 1585 765 1614 faithful
775 1584 896 1618 Guide,

1083 1585 1104 1612 2
1119 1584 1211 1613 Ever
1222 1586 1371 1619 present,
1382 1585 1493 1614 truest
1504 1585 1630 1619 friend,

1853 1585 1873 1613 3
1888 1584 2002 1613 When
2015 1591 2080 1612 our
2089 1585 2177 1619 days
2186 1585 2227 1613 of
2238 1585 2303 1613 toil
2313 1585 2407 1613 shall
2418 1591 2525 1617 cease,

350 1621 442 1648 Ever
453 1625 539 1648 near
549 1620 610 1647 the
621 1618 825 1646 Christian's
835 1618 921 1652 side,

1086 1618 1178 1645 Ever
1189 1624 1285 1651 near,
1298 1618 1401 1646 thine
1412 1618 1470 1646 aid
1482 1619 1519 1646 to
1531 1617 1626 1648 lend,

1855 1617 2013 1653 Waiting
2022 1618 2096 1646 still
2105 1619 2160 1646 for
2168 1620 2276 1647 sweet
2287 1619 2426 1651 release,

349 1653 478 1686 Gently
490 1652 570 1681 lead
581 1658 624 1680 us
635 1652 681 1685 by
692 1651 754 1679 the
766 1651 873 1685 hand,

1086 1649 1202 1679 Leave
1212 1656 1254 1679 us
1265 1652 1329 1679 not
1339 1653 1377 1679 to
1387 1650 1498 1680 doubt
1509 1651 1580 1679 and
1592 1651 1675 1685 fear,

1854 1649 2014 1683 Nothing
2024 1651 2088 1678 left
2094 1651 2157 1679 but
2164 1651 2299 1679 heaven
2309 1651 2381 1679 and
2391 1656 2526 1685 prayer,

350 1686 512 1721 Pilgrims
523 1686 561 1713 in
573 1691 597 1713 a
608 1684 721 1713 desert
732 1683 827 1712 land.

1085 1682 1241 1719 Groping
1253 1690 1299 1712 on
1316 1683 1356 1712 in
1368 1683 1539 1712 darkness
1548 1683 1660 1712 drear.

1856 1683 2061 1718 Wond'ring
2073 1684 2105 1711 if
2112 1690 2177 1712 our
2187 1690 2311 1712 names
2321 1690 2381 1712 are
2393 1685 2509 1717 there;

352 1719 478 1752 Weary
489 1718 594 1751 souls,
605 1717 726 1746 fore'er
738 1717 872 1749 rejoice,

1087 1716 1202 1744 When
1215 1717 1276 1745 the
1286 1718 1415 1745 storms
1426 1723 1486 1746 are
1501 1717 1624 1751 raging
1637 1721 1726 1749 sore,

1858 1716 2008 1749 Wading
2018 1717 2106 1750 deep
2117 1717 2178 1744 the
2188 1716 2318 1744 dismal
2329 1716 2432 1748 flood,

351 1751 468 1780 While
480 1751 564 1785 they
575 1750 660 1778 hear
669 1750 748 1778 that
758 1750 914 1778 sweetest
922 1749 1031 1781 voice,

1084 1748 1215 1777 Hearts
1222 1756 1315 1783 grow
1327 1749 1419 1778 faint
1426 1749 1495 1777 and
1506 1749 1626 1784 hopes;
1622 1750 1700 1784 give
1710 1750 1792 1785 o'er,

1857 1748 2025 1783 Pleading
2035 1749 2170 1783 naught
2181 1750 2243 1777 but
2253 1749 2364 1778 Jesus'
2377 1749 2496 1780 blood;

352 1783 568 1818 Whisp'ring
578 1783 695 1816 softly,
706 1782 898 1814 wanderer,
912 1783 1029 1810 come!

1091 1781 1252 1815 Whisper
1261 1782 1380 1816 softly,
1395 1783 1583 1815 wanderer,
1596 1783 1710 1811 come!

1858 1781 2021 1815 Whisper
2029 1783 2146 1815 softly,
2161 1782 2341 1811 wanderer
2351 1785 2467 1811 come!

350 1816 483 1846 Follow
495 1822 564 1850 me,
579 1816 638 1844 I'll
649 1815 753 1850 guide
764 1815 845 1843 thee
856 1815 972 1843 home.

1087 1813 1220 1844 Follow
1230 1821 1300 1849 me,
1310 1815 1332 1843 I
1343 1814 1378 1843 11
1387 1815 1491 1850 guide
1501 1816 1582 1844 thee
1592 1815 1707 1844 home.

1857 1814 1990 1844 Follow
2000 1821 2070 1849 me,
2103 1814 2143 1843 'll
2154 1815 2259 1850 guide
2270 1815 2352 1844 thee
2362 1815 2478 1844 home.
