2872 2138
333 197 402 252 70

942 194 1106 252 HAIL,
1143 192 1501 243 BRIGHTEST
1535 191 1863 243 MORNING!

420 262 531 293 Words
539 261 623 292 from
650 260 736 291 'The
746 259 842 290 Little
851 258 988 290 Sower."

2155 257 2187 288 J.
2198 257 2242 288 M.
2252 257 2443 289 KIEFFER.

420 479 447 507 1.
466 478 553 511 Hail,
566 477 722 511 brightest
732 477 888 511 morning
891 476 900 505 !
912 475 991 507 hail,
1003 474 1127 503 blessed
1139 474 1202 508 day
1211 475 1221 502 !
1251 474 1346 502 From
1360 474 1485 508 earthly
1497 480 1585 503 cares
1595 474 1642 502 let
1663 479 1703 502 us
1714 480 1788 503 now
1801 476 1876 502 turn
1901 480 2002 508 away
2038 474 2169 508 Prompt
2184 473 2219 502 in
2238 480 2297 501 our
2308 473 2380 508 plac
2391 487 2403 494 -
2414 480 2457 505 es,

421 512 450 540 2.
465 512 554 547 Sing,
568 511 651 540 little
660 510 812 539 children
817 511 827 538 !
839 515 940 541 come,
952 510 1034 537 raise
1044 515 1126 542 your
1136 510 1242 540 voice;
1254 508 1346 536 Jesus
1359 508 1418 536 has
1430 508 1541 536 bless'd
1556 514 1631 541 you,
1643 514 1717 536 now
1730 514 1795 542 you
1806 514 1882 541 may
1893 508 2021 542 rejoice;
2040 508 2127 542 Sing,
2139 507 2256 541 youths
2266 507 2331 535 and
2342 507 2497 540 maidens,

1381 754 1591 780 CHORUS.

455 930 538 957 raise
549 935 644 963 every
656 928 756 961 voice,

790 926 925 961 Sweetly
936 933 987 955 we
996 926 1070 961 sing
1080 927 1146 954 and
1158 926 1295 960 re-joice.

1365 927 1461 955 Come
1470 926 1514 954 let
1523 933 1560 955 us
1569 926 1639 961 join
1649 925 1705 954 the
1714 925 1956 960 soul-inspiring
1965 931 2053 960 song,
2058 924 2153 953 Wake
2160 926 2301 953 sweetest
2308 923 2424 953 strains
2431 923 2512 952 with

451 963 524 998 join
550 964 588 991 in
603 963 660 991 the
674 962 738 996 lay,

789 961 866 990 This
887 962 916 989 is
932 961 988 989 the
998 960 1110 989 Lord's
1121 960 1206 994 Holy
1218 960 1295 994 Day

1363 960 1458 988 Come
1468 960 1512 988 let
1518 966 1556 988 us
1563 960 1644 994 join,
1658 962 1717 989 etc.

450 1382 557 1410 hearts
568 1380 634 1409 and
646 1380 752 1409 voices
762 1383 875 1417 strong

933 1380 1013 1417 Sing

1047 1384 1081 1411 to

1126 1383 1184 1412 the
1198 1383 1262 1411 Sav
1272 1397 1284 1404 -
1291 1383 1342 1412 ior
1357 1383 1467 1412 whom
1479 1390 1529 1412 we

1578 1383 1696 1415 a-dore,

1772 1379 1850 1409 Hon
1862 1393 1875 1400 -
1884 1386 1921 1407 or
1936 1378 2002 1407 and
2014 1377 2128 1413 praise,
2142 1383 2182 1406 ev
2199 1389 2213 1397 -
2227 1382 2263 1404 er
2272 1388 2286 1396 -
2295 1381 2394 1404 more.

443 1644 465 1679 3
486 1642 586 1687 Sing,
602 1643 729 1686 loving
746 1646 901 1688 parents,
911 1643 992 1686 join
1012 1645 1099 1679 with
1117 1655 1160 1679 us
1174 1648 1244 1687 too,

1520 1646 1545 1679 4
1566 1643 1668 1686 Now,
1683 1642 1772 1678 with
1788 1640 1971 1683 devotion,
1987 1650 2077 1683 pure
2095 1637 2167 1673 and
2183 1638 2332 1680 sincere,

486 1688 533 1722 In
550 1698 618 1723 our
633 1688 823 1723 devotions
838 1699 889 1722 we
904 1700 970 1722 can
987 1694 1052 1723 not
1064 1700 1170 1732 spare
1184 1700 1278 1733 you;

1566 1688 1627 1732 Up
1642 1694 1681 1723 to
1695 1689 1759 1722 the
1772 1687 1901 1721 Savior
1914 1695 1983 1720 our
1996 1684 2122 1728 spirits
2136 1683 2234 1717 draw
2247 1691 2338 1721 near
2347 1693 2358 1724 ;

487 1732 610 1767 Teach
626 1743 669 1767 us
683 1733 747 1767 the
763 1731 867 1776 Way,
883 1733 946 1767 the
960 1731 1092 1776 Truth,
1105 1734 1178 1769 and
1195 1735 1258 1768 the
1274 1733 1374 1775 Life;

1564 1733 1697 1768 Thank
1710 1732 1790 1766 him
1806 1731 1862 1765 for
1878 1729 2038 1772 mercies,
2056 1727 2262 1772 graciously
2277 1728 2398 1771 given,

487 1777 625 1812 Banish
640 1777 691 1811 all
708 1787 803 1819 envy
817 1777 890 1811 and
904 1777 1018 1812 strife.

1568 1777 1712 1812 Pardon
1730 1787 1783 1819 us,
1799 1775 1934 1809 Father
1948 1774 1988 1807 in
2002 1773 2153 1807 heaven.

574 1822 687 1857 Come
701 1822 753 1856 let
768 1831 812 1856 us
821 1821 914 1865 join,
929 1824 998 1857 etc.

1664 1821 1774 1857 Come
1791 1820 1841 1855 let
1856 1829 1899 1854 us
1908 1819 2000 1863 join,
2015 1822 2083 1852 etc.

1227 1866 1325 1895 From
1344 1864 1437 1895 "The
1452 1865 1644 1895 Welcome."
