2558 3789
1145 385 1451 433 HYMNS.

2197 385 2285 427 209

297 500 330 540 4
350 501 538 544 Because
554 501 679 544 Thou
695 504 765 544 art
782 501 1004 557 exceeding
1020 503 1152 557 great,

1305 501 1338 543 4
1359 500 1501 544 Those
1517 500 1613 543 that
1627 502 1672 543 in
1688 501 1841 544 wealth
1856 500 1943 543 and
1957 501 2151 555 pleasure
2166 498 2262 550 live,

403 555 504 597 And
520 555 658 598 works
674 555 731 608 by
748 556 863 598 Thee
878 569 951 597 are
968 557 1079 598 done

1415 554 1508 598 Our
1523 554 1636 608 daily
1650 568 1807 610 groans
1824 554 1986 601 deride

352 608 503 651 Which
517 621 591 651 are
606 611 654 651 to
671 609 726 651 be
740 609 952 655 admired;
972 609 1059 651 and
1074 608 1200 652 Thou

1360 608 1459 651 And
1475 608 1570 662 Thy
1586 609 1730 664 delays
1746 609 1796 652 of
1807 621 1948 662 mercy
1964 610 2062 662 give

404 663 486 705 Art
504 661 602 705 God
617 661 795 717 Thyself
806 663 939 705 alone.

1414 662 1550 704 Fresh
1567 674 1749 718 courage
1764 665 1812 705 to
1829 663 1941 705 their
1955 662 2089 717 pride.

299 752 325 794 5
350 751 481 794 Teach
496 763 567 793 me
578 752 673 805 Thy
689 765 791 806 way,
811 751 896 793 and
911 752 958 793 in
975 752 1069 805 Thy
1085 751 1217 802 truth,

1310 751 1336 793 5
1363 750 1456 793 Our
1470 750 1562 793 foes
1577 750 1711 793 insult
1726 763 1791 801 us,
1810 750 1892 792 but
1907 762 1986 792 our
2001 749 2113 803 hope

406 805 445 846 O
462 805 593 856 Lord,
612 806 715 847 then
733 805 841 847 walk
857 805 942 846 will
957 805 1003 850 I

1413 804 1471 846 In
1488 804 1582 857 Thy
1598 805 1862 857 compassion
1878 803 1980 851 lies,

354 858 482 901 Unite
497 871 571 911 my
586 859 718 909 heart,
738 859 834 901 that
847 860 877 901 I
891 859 987 913 Thy
1001 872 1126 901 name

1362 858 1467 900 This
1484 858 1667 911 thought
1683 858 1791 900 shall
1807 858 1908 900 bear
1924 869 2004 900 our
2020 856 2168 910 spirits
2183 868 2260 909 up,

404 912 504 965 May
521 913 611 954 fear
626 913 895 965 continually.

1416 911 1530 954 That
1547 911 1645 954 God
1662 911 1746 953 will
1761 913 1842 953 not
1859 912 2036 964 despise.

298 999 325 1039 6
353 997 391 1040 O
407 998 538 1049 Lord,
555 1011 630 1051 my
648 999 758 1049 God,
777 999 880 1041 with
895 1000 952 1041 all
968 1012 1041 1052 my
1057 999 1181 1041 heart

1310 1000 1403 1058 Ps.
1422 1001 1532 1059 139

1674 1018 1810 1054 Second
1822 1017 1929 1055 Part.

404 1052 469 1095 To
487 1052 603 1094 Thee
617 1053 648 1094 I
661 1053 747 1094 will
762 1054 859 1104 give
873 1054 1019 1105 praise

350 1104 450 1146 And
462 1105 495 1147 I
507 1106 582 1148 the
598 1107 720 1159 glory
737 1107 822 1148 will
837 1107 1000 1149 ascribe

1310 1087 1338 1129 1
1361 1085 1418 1129 IN
1432 1085 1490 1128 all
1503 1097 1580 1139 my
1595 1088 1691 1128 vast
1707 1097 1909 1128 concerns
1923 1084 2028 1126 with
2043 1084 2170 1135 Thee,

404 1158 523 1201 Unto
541 1160 636 1212 Thy
651 1171 774 1201 name
790 1160 954 1213 always.

1415 1140 1472 1181 In
1489 1141 1585 1181 vain
1600 1152 1674 1192 my
1691 1139 1785 1181 soul
1801 1138 1943 1181 would
1958 1140 2028 1193 try

1364 1193 1429 1236 To
1446 1193 1558 1235 shun
1575 1193 1670 1247 Thy
1685 1203 1896 1247 presence,
1915 1192 2045 1243 Lord,
2064 1204 2114 1233 or
2129 1190 2210 1233 flee

298 1244 390 1302 Ps.
409 1244 520 1304 119

643 1262 823 1301 Sixteenth
836 1263 944 1301 Part.

1418 1247 1511 1288 The
1527 1248 1666 1288 notice
1683 1248 1731 1288 of
1752 1246 1889 1288 Thine
1905 1259 1992 1300 eye.

299 1333 324 1374 1
350 1332 426 1374 My
441 1332 538 1374 soul
552 1332 632 1374 lies
649 1332 837 1386 cleaving
853 1334 899 1375 to
916 1333 991 1375 the
1008 1333 1121 1384 dust,

1312 1335 1341 1376 2
1366 1335 1461 1387 Thy
1476 1334 1836 1388 all-surrounding
1850 1333 1968 1387 sight
1984 1345 2159 1386 surveys

403 1385 534 1436 Lord,
553 1387 650 1439 give
664 1399 734 1427 me
749 1387 824 1428 life
839 1386 986 1431 divine

1419 1388 1497 1442 My
1511 1389 1648 1441 rising
1663 1388 1750 1430 and
1764 1400 1839 1440 my
1853 1390 1956 1437 rest,

352 1439 484 1482 From
500 1442 597 1481 vain
615 1440 773 1482 desires
790 1441 876 1482 and
892 1452 1018 1493 every
1031 1440 1134 1491 lust,

1366 1442 1444 1496 My
1458 1442 1603 1496 public
1618 1441 1760 1491 walks,
1777 1454 1852 1494 my
1867 1442 2029 1494 private
2045 1452 2171 1494 ways,

404 1493 527 1535 Turn
543 1492 608 1534 off
619 1493 741 1535 these
758 1505 856 1547 eyes
874 1494 922 1535 of
935 1496 1058 1536 mine.

1419 1496 1519 1538 And
1535 1497 1694 1538 secrets
1711 1494 1760 1537 of
1772 1507 1848 1548 my
1863 1494 2017 1536 breast.

299 1583 328 1623 2
352 1582 491 1624 When
508 1594 606 1624 sore
621 1581 842 1625 affictions
859 1595 981 1635 press
998 1596 1066 1624 me
1083 1583 1220 1634 down,

1313 1585 1340 1626 3
1367 1584 1443 1636 My
1457 1583 1666 1635 thoughts
1682 1583 1739 1625 lie
1756 1594 1866 1635 open
1883 1585 1930 1624 to
1947 1582 2021 1624 the
2037 1581 2169 1628 Lord,

404 1635 434 1676 I
447 1635 557 1677 need
574 1635 668 1687 Thy
684 1635 938 1689 quickening
952 1649 1139 1689 powers;

1419 1637 1574 1679 Before
1590 1637 1749 1689 they're
1764 1635 1930 1678 formed
1945 1635 2117 1680 within;

352 1689 448 1740 Thy
464 1688 593 1737 word,
613 1688 708 1730 that
720 1689 751 1730 I
764 1689 870 1731 have
886 1691 1028 1732 rested
1045 1702 1113 1740 on,

1366 1691 1465 1733 And
1482 1703 1552 1732 ere
1568 1703 1641 1743 my
1656 1689 1742 1742 lips
1754 1699 2001 1743 pronounce
2016 1689 2091 1730 the
2107 1688 2236 1738 word,

411 1741 529 1784 Shall
545 1740 645 1795 help
660 1754 734 1795 my
749 1742 937 1785 heaviest
952 1744 1094 1786 hours.

1421 1745 1492 1786 He
1507 1744 1653 1786 knows
1669 1745 1744 1786 the
1760 1753 1884 1784 sense
1899 1743 1928 1784 I
1940 1753 2075 1784 mean.

300 1831 328 1872 3
354 1829 439 1871 Are
454 1832 535 1871 not
550 1829 645 1882 Thy
660 1830 836 1873 mercies
855 1832 1074 1884 sovereign
1091 1831 1189 1882 still,

1313 1833 1345 1875 4
1371 1833 1430 1874 O!
1447 1831 1673 1873 wondrous
1686 1830 1941 1885 knowledge,
1952 1829 2058 1882 deep
2070 1828 2157 1872 and
2175 1828 2293 1883 high,

407 1882 507 1924 And
522 1883 647 1925 Thou
662 1895 690 1924 a
705 1882 874 1926 faithful
892 1883 1017 1927 God?

1423 1885 1578 1926 Where
1595 1896 1672 1925 can
1689 1896 1718 1925 a
1734 1887 1925 1925 creature
1939 1882 2048 1927 hide

354 1936 461 1978 Wilt
475 1936 601 1978 Thou
616 1939 697 1978 not
712 1938 843 1989 grant
858 1948 926 1978 me
943 1949 1119 1981 warmer
1130 1939 1231 1989 zeal,

1372 1937 1532 1980 Within
1549 1938 1644 1991 Thy
1660 1937 1836 1991 circling
1850 1948 1964 1978 arms
1978 1937 2009 1978 I
2023 1936 2089 1987 lie,

407 1990 472 2032 To
488 2001 573 2031 run
589 1990 663 2032 the
678 1989 879 2043 heavenly
894 1991 1025 2034 road?

1423 1991 1634 2034 Enclosed
1651 2003 1708 2032 on
1725 2002 1849 2044 every
1865 1990 1967 2032 side.

301 2077 332 2119 4
355 2077 471 2119 Does
485 2078 568 2118 not
580 2089 654 2130 my
668 2076 792 2118 heart
807 2075 902 2131 Thy
918 2080 1114 2132 precepts
1127 2079 1232 2130 love,

1318 2084 1345 2124 5
1372 2081 1432 2123 So
1447 2079 1511 2122 let
1525 2080 1621 2133 Thy
1637 2091 1764 2133 grace
1779 2078 1992 2121 surround
2007 2090 2077 2119 me
2093 2077 2191 2128 still,

408 2129 507 2172 And
520 2130 625 2184 long
642 2132 689 2172 to
707 2143 779 2172 see
795 2131 890 2185 Thy
906 2131 999 2174 face

1424 2133 1523 2175 And
1535 2133 1622 2175 like
1638 2145 1665 2174 a
1680 2132 1871 2174 bulwark
1885 2144 2027 2186 prove,

357 2182 456 2225 And
469 2186 545 2236 yet
559 2184 657 2225 how
673 2184 778 2226 slow
793 2197 867 2238 my
885 2186 1031 2238 spirits
1045 2198 1179 2238 move,

1371 2189 1436 2230 To
1452 2187 1590 2241 guard
1605 2199 1678 2240 my
1695 2186 1791 2228 soul
1806 2185 1916 2228 from
1934 2198 2058 2239 every
2074 2184 2131 2236 ill,

409 2236 608 2279 Without
624 2236 863 2293 enlivening
880 2245 1026 2293 grace!

1427 2240 1612 2284 Secured
1629 2241 1686 2294 by
1703 2239 1925 2294 sovereign
1938 2240 2044 2282 love.

305 2326 332 2367 5
357 2325 477 2367 Then
494 2324 603 2367 shall
617 2325 648 2367 I
661 2325 757 2368 love
773 2326 869 2380 Thy
884 2327 1034 2382 gospel
1050 2341 1178 2381 more,

1320 2330 1391 2387 H.
1414 2330 1527 2388 525

1623 2348 1741 2387 Death
1753 2349 1799 2395 of
1804 2359 1831 2386 a
1850 2347 1978 2385 Youth.

409 2379 509 2421 And
523 2380 638 2421 ne'er
653 2379 795 2434 forget
811 2380 906 2434 Thy
923 2381 1052 2433 word,

357 2432 495 2475 When
509 2432 541 2474 I
553 2432 661 2475 have
675 2433 755 2475 felt
768 2435 829 2476 its
845 2434 1098 2488 quickening
1113 2448 1255 2491 power

1318 2417 1345 2459 1
1370 2417 1508 2459 WHEN
1524 2415 1738 2470 blooming
1750 2415 1886 2470 youth
1901 2416 1941 2457 is
1957 2414 2161 2458 snatched
2177 2426 2296 2468 away

411 2486 475 2528 To
492 2486 607 2528 draw
623 2499 694 2528 me
708 2499 811 2529 near
826 2488 901 2530 the
916 2488 1044 2531 Lord.

1424 2470 1492 2524 By
1508 2470 1670 2515 death's
1686 2470 1897 2512 resistless
1911 2468 2039 2517 hand,

1372 2523 1464 2566 Our
1477 2523 1622 2566 hearts
1638 2524 1712 2565 the
1726 2522 1941 2568 mournful
1957 2522 2116 2565 tribute
2131 2534 2225 2576 pay,

307 2573 397 2631 Ps.
422 2573 532 2631 123

1424 2576 1578 2620 Which
1592 2578 1686 2631 pity
1702 2578 1820 2619 must
1836 2576 2026 2618 demand.

306 2661 333 2702 1
361 2659 399 2701 O
417 2660 549 2709 THOU,
568 2660 710 2703 whose
726 2672 852 2714 grace
868 2662 956 2705 and
971 2661 1128 2715 justice
1142 2664 1264 2719 reign

1319 2666 1347 2708 2
1372 2665 1511 2708 While
1525 2666 1619 2719 pity
1634 2669 1828 2717 prompts
1845 2665 1919 2707 the
1935 2664 2070 2717 rising
2087 2664 2195 2718 sigh,

411 2712 662 2755 Enthroned
677 2714 811 2756 above
826 2715 901 2757 the
918 2715 1041 2765 skies,

1427 2719 1466 2761 O
1483 2731 1581 2772 may
1597 2719 1683 2761 this
1700 2719 1832 2770 truth,
1849 2717 2082 2772 impressed

359 2767 423 2809 To
437 2766 552 2809 Thee
562 2778 641 2809 our
652 2767 795 2810 hearts
806 2768 945 2811 would
956 2769 1031 2811 tell
1048 2770 1159 2813 their
1169 2772 1280 2825 pain,

1372 2773 1494 2815 With
1506 2772 1634 2815 awful
1649 2784 1802 2827 power,
1832 2773 1894 2814 "I
1907 2774 1982 2814 too
1998 2774 2116 2814 must
2133 2769 2239 2823 die,"

413 2821 479 2863 To
496 2820 611 2863 Thee
627 2833 691 2862 we
707 2821 778 2863 lift
793 2832 873 2864 our
890 2835 998 2876 eyes.

1429 2826 1535 2869 Sink
1552 2826 1659 2880 deep
1674 2827 1721 2868 in
1738 2838 1862 2880 every
1877 2825 2032 2868 breast.

307 2908 336 2949 2
362 2905 422 2949 As
440 2910 632 2950 servants
649 2908 786 2950 watch
803 2908 914 2951 their
929 2911 1121 2953 master's
1136 2911 1263 2962 hand,

1322 2915 1349 2957 3
1374 2914 1459 2956 Let
1474 2913 1562 2956 this
1578 2914 1675 2956 vain
1690 2912 1824 2956 world
1841 2911 1996 2955 delude
2010 2924 2068 2954 no
2084 2924 2225 2961 more;

413 2960 513 3003 And
528 2961 617 3003 fear
633 2961 707 3003 the
722 2974 858 3017 angry
874 2963 1038 3012 stroke;

1426 2966 1593 3010 Behold
1608 2967 1683 3010 the
1698 2967 1858 3021 gaping
1874 2965 2000 3012 tomb

362 3013 426 3056 Or
441 3014 578 3056 maids
593 3014 736 3057 before
752 3016 863 3058 their
877 3018 1068 3060 mistress
1080 3019 1217 3071 stand,

1374 3021 1423 3063 It
1436 3020 1534 3063 bids
1550 3033 1604 3063 us
1619 3021 1729 3063 seize
1745 3021 1820 3063 the
1834 3021 2007 3074 present
2021 3019 2149 3067 hour;

415 3066 514 3110 And
530 3068 630 3111 wait
645 3081 673 3110 a
687 3068 877 3123 peaceful
891 3069 1013 3117 look;

1430 3075 1687 3117 To-morrow
1703 3074 1832 3117 death
1847 3086 1944 3128 may
1961 3086 2090 3116 come.

311 3155 339 3196 3
367 3154 438 3205 So,
457 3155 525 3197 for
541 3168 622 3198 our
638 3156 740 3208 sins,
760 3170 825 3199 we
838 3156 975 3213 justly
989 3157 1072 3202 feel

1323 3162 1354 3204 4
1377 3161 1470 3204 The
1485 3162 1601 3204 voice
1617 3162 1666 3204 of
1678 3161 1766 3204 this
1781 3162 1986 3217 alarming
2002 3174 2137 3214 scene,

416 3208 511 3263 Thy
529 3208 760 3264 discipline,
780 3211 818 3254 O
838 3211 957 3259 God;

1431 3216 1516 3258 Let
1531 3228 1656 3270 every
1669 3215 1794 3259 heart
1808 3216 1928 3271 obey

362 3262 448 3304 Yet
463 3263 563 3304 wait
578 3263 651 3306 the
667 3266 860 3319 gracious
877 3267 1065 3309 moment
1079 3266 1177 3319 still,

1378 3269 1471 3311 Nor
1485 3269 1540 3311 be
1556 3270 1631 3311 the
1646 3269 1848 3324 heavenly
1864 3271 2054 3323 warning
2069 3269 2183 3321 vain,

416 3315 500 3357 Till
515 3316 639 3359 Thou
654 3330 822 3360 remove
838 3319 912 3361 the
927 3318 1017 3362 rod.

1433 3322 1585 3365 Which
1601 3323 1703 3366 calls
1720 3326 1767 3366 to
1784 3323 1920 3366 watch
1937 3324 2023 3365 and
2036 3335 2153 3378 pray.
