2162 3172
1885 235 1922 297 5

814 344 928 391 THE
952 344 1102 391 LAND
1130 346 1438 393 CELESTIAL.

431 444 538 471 Words
553 444 593 477 by
604 444 714 471 FANNY
730 444 868 471 CHURCH.

1128 444 1218 470 From
1230 444 1254 460 66
1260 444 1356 471 Little
1366 443 1495 471 Sower."

1562 443 1595 471 J.
1607 444 1647 471 H.
1660 444 1845 472 ROSECRANS.

464 670 493 696 1.
523 669 636 697 There
646 669 678 697 is

761 675 784 697 a

849 668 936 697 land
964 675 1003 697 ce
1019 683 1035 690 -
1051 669 1103 698 les
1121 683 1135 691 -
1152 669 1227 704 tial,
1290 670 1323 698 A
1355 670 1466 699 world
1478 670 1589 699 that's
1599 670 1719 705 bright
1730 671 1801 698 and
1813 671 1899 705 fair;

526 712 638 741 There
650 713 749 741 flows
762 713 824 741 the
851 713 1012 748 peaceful
1043 714 1099 742 riv
1116 727 1131 735 -
1159 719 1207 748 er,
1283 713 1333 742 Be
1342 728 1357 735 -
1370 715 1479 742 neath
1502 714 1565 742 the
1598 716 1672 743 tree
1705 715 1746 743 of
1797 715 1872 750 life,

509 1169 590 1198 And
604 1168 675 1197 o'er
740 1167 787 1196 its
818 1166 868 1196 ho
896 1181 911 1189 -
938 1166 977 1201 ly
1013 1166 1116 1197 beau -
1109 1181 1124 1189 -
1131 1168 1182 1202 ty,

1249 1167 1369 1197 Floats
1381 1168 1447 1197 not
1479 1174 1503 1197 a

1551 1167 1654 1197 cloud
1666 1168 1707 1197 of

1753 1174 1844 1200 care

506 1214 617 1242 There
629 1219 745 1242 comes
756 1219 805 1241 no
818 1211 901 1241 wail
929 1211 970 1240 of
981 1212 1202 1247 mourn-ing,
1245 1211 1321 1240 Nor
1336 1212 1450 1241 sound
1483 1213 1524 1242 of

1571 1212 1713 1242 bit - ter
1633 1226 1648 1234 -
1739 1213 1848 1242 strife.

502 1491 631 1521 Chorus.

493 1649 598 1679 Land
608 1649 650 1679 of
695 1657 758 1685 per
774 1664 790 1672 -
806 1649 876 1678 fect
909 1648 1000 1678 beau
1012 1663 1025 1671 -
1037 1649 1090 1684 ty,

1156 1647 1279 1678 World
1294 1656 1335 1678 SO
1368 1648 1487 1684 bright
1498 1649 1570 1678 and
1603 1649 1683 1684 fair,

479 2105 600 2135 When
627 2105 705 2134 will
731 2110 779 2132 an
796 2118 812 2126 -
839 2106 910 2140 gels
960 2104 1030 2133 call
1094 2110 1164 2138 me,

1272 2103 1390 2133 When
1405 2103 1499 2133 shall
1516 2103 1536 2132 I

1631 2104 1678 2133 be

1745 2104 1851 2133 there
1852 2105 1869 2133 ?

394 2398 419 2426 2
432 2398 544 2427 There
555 2404 616 2426 are
625 2396 688 2425 the
697 2394 944 2427 sweet-voiced
955 2395 1085 2431 angels,

1174 2395 1194 2424 3
1209 2395 1305 2430 They
1317 2394 1422 2424 stand
1434 2394 1551 2424 before
1561 2394 1623 2423 the
1633 2394 1775 2430 Father,

466 2450 613 2480 Around
624 2450 686 2478 the
694 2450 799 2486 great
806 2449 916 2478 white
927 2448 1065 2483 throne,

1241 2448 1313 2477 The
1325 2447 1416 2477 Lord
1429 2448 1470 2477 of
1482 2447 1546 2477 life
1558 2447 1628 2477 and
1639 2448 1737 2483 love;

431 2500 527 2530 Who
538 2500 617 2529 bow
627 2500 668 2528 in
680 2499 818 2535 willing
828 2499 979 2534 homage

1206 2498 1265 2527 He
1276 2498 1399 2527 smiles
1410 2504 1507 2533 upon
1519 2498 1578 2526 his
1588 2497 1762 2533 children,

463 2555 514 2583 To
525 2554 603 2582 him
616 2553 698 2582 who
709 2553 803 2582 rules
814 2553 929 2582 alone.

1241 2551 1298 2580 He
1310 2551 1496 2581 welcomes
1507 2552 1607 2581 them
1621 2552 1744 2582 above.

431 2608 547 2637 Death
559 2607 687 2644 guards
697 2607 760 2636 the
771 2607 900 2643 mystic
911 2605 1053 2643 portals,

1210 2606 1294 2635 And
1306 2606 1356 2635 all
1369 2607 1407 2635 in
1416 2607 1545 2642 joyous
1556 2606 1707 2643 singing,

467 2663 549 2692 And
560 2662 681 2698 gently
693 2667 762 2690 one
773 2661 819 2696 by
831 2667 900 2690 one

1241 2659 1325 2688 And
1337 2666 1443 2696 peace
1455 2659 1509 2689 for
1521 2666 1712 2695 evermore,

432 2719 490 2749 He
500 2719 597 2748 leads
608 2718 647 2747 in
659 2724 777 2752 weary
788 2717 946 2752 mortals,

1208 2715 1320 2745 There
1331 2716 1370 2744 in
1382 2716 1463 2745 that
1473 2715 1597 2745 far-off
1603 2717 1767 2752 country.

469 2773 597 2804 Whose
608 2771 749 2808 earthly
759 2771 860 2802 work
871 2772 903 2801 is
913 2771 1016 2806 done,

1240 2770 1345 2807 Upon
1357 2771 1439 2800 that
1447 2771 1576 2807 golden
1584 2771 1702 2802 shore.

534 2826 637 2858 Land
648 2827 696 2862 of,
707 2828 771 2858 etc.

1309 2825 1410 2855 Land
1421 2826 1469 2861 of,
1480 2827 1545 2855 etc.
