1683 2404
734 294 963 340 HYMNS.

1328 295 1382 338 39

421 388 511 432 Are
526 387 651 433 robed
667 388 712 431 in
728 389 838 432 their
846 392 1053 444 garments
1068 387 1119 432 of
1129 386 1262 432 white.

316 455 430 500 Over
446 453 571 506 there,
588 468 688 499 over
703 455 831 507 there,

316 511 368 563 0,
381 509 503 553 think
520 509 569 553 of
579 510 652 553 the
665 509 788 553 home
803 523 902 553 over
918 508 1047 553 there.

318 616 347 660 2
372 616 423 667 o,
439 615 560 660 think
579 615 629 659 of
639 615 711 658 the
725 614 879 658 friends
895 628 994 659 over
1010 615 1138 667 there,

425 670 537 712 Who
554 670 691 713 before
707 683 756 712 us
772 670 844 712 the
853 671 1029 725 journey
1045 669 1155 713 have
1170 669 1277 721 trod,

372 723 435 767 Of
445 724 516 766 the
530 736 650 778 songs
666 725 761 767 that
776 724 875 777 they
892 723 1061 766 breathe
1078 736 1131 766 on
1148 724 1222 766 the
1237 725 1312 775 air,

424 777 479 821 In
496 779 603 820 their
627 778 748 821 home
763 777 809 820 in
825 778 899 821 the
913 777 1058 833 palace
1074 777 1123 820 of
1135 776 1242 820 God.

319 844 432 888 Over
447 845 573 894 there,
590 857 690 887 over
704 844 832 896 there,

319 898 372 953 o,
387 898 511 942 think
527 898 574 941 of
586 898 658 941 the
672 897 828 941 friends
843 911 942 942 over
957 898 1084 942 there.

321 1006 348 1050 3
373 1005 451 1060 My
467 1005 643 1050 Saviour
663 1006 700 1049 is
716 1019 807 1050 now
823 1019 923 1050 over
938 1005 1066 1058 there,

426 1060 559 1103 There
572 1073 642 1115 my
659 1059 836 1103 kindred
859 1059 944 1104 and
960 1059 1113 1103 friends
1129 1072 1202 1103 are
1225 1064 1272 1104 at
1283 1066 1367 1108 rest
1374 1074 1387 1111 ;

374 1114 491 1157 Then
507 1126 622 1168 away
634 1114 742 1157 from
757 1126 829 1168 my
844 1127 993 1156 sorrow
1009 1114 1092 1156 and
1110 1124 1216 1165 care,

427 1167 511 1211 Let
526 1180 592 1211 me
607 1168 667 1222 fly
682 1172 727 1211 to
742 1168 815 1211 the
830 1166 931 1211 land
946 1167 997 1210 of
1003 1168 1075 1210 the
1090 1167 1206 1210 blest.

322 1235 435 1279 Over
450 1235 576 1287 there,
592 1247 692 1278 over
707 1235 836 1288 there,

323 1289 401 1346 My
415 1288 590 1333 Saviour
605 1289 643 1332 is
657 1301 749 1333 now
773 1301 873 1332 over
887 1287 1015 1332 there.

323 1391 354 1434 4
375 1389 446 1434 I'll
463 1404 561 1433 soon
575 1389 627 1433 be
642 1395 689 1433 at
703 1389 826 1432 home
841 1402 940 1433 over
955 1389 1084 1441 there,

429 1442 517 1488 For
531 1444 603 1487 the
627 1443 707 1487 end
724 1443 775 1486 of
781 1457 852 1497 my
861 1444 1038 1499 journey
1055 1442 1082 1485 I
1093 1455 1161 1489 see
1170 1457 1185 1494 ;

377 1498 510 1552 Many
527 1497 624 1542 dear
640 1503 685 1541 to
694 1508 766 1552 my
783 1496 902 1541 heart
918 1510 1016 1540 over
1030 1496 1161 1549 there,

430 1550 520 1595 Are
535 1551 740 1607 watching
756 1551 838 1595 and
858 1550 1026 1607 waiting
1041 1550 1108 1594 for
1119 1563 1201 1595 me.

325 1613 438 1658 Over
453 1614 579 1666 there,
595 1626 695 1657 over
710 1613 839 1665 there,

325 1666 400 1711 I'll
413 1681 512 1711 soon
529 1667 580 1711 be
596 1672 643 1711 at
658 1667 780 1711 home
801 1680 900 1711 over
916 1667 1046 1712 there.

325 1784 429 1821 40

872 1752 1106 1836 Hugh
1133 1735 1489 1836 Stowell

380 1840 556 1919 FROM
573 1854 696 1897 every
710 1846 867 1896 stormy
883 1839 993 1885 wind
1009 1841 1103 1885 that
1118 1840 1259 1895 blows,

478 1896 605 1939 From
623 1908 747 1950 every
760 1895 944 1952 swelling
960 1895 1048 1939 tide
1063 1895 1112 1939 of
1122 1908 1238 1947 woes,

380 1948 515 1994 There
528 1951 565 1993 is
581 1963 609 1993 a
624 1950 747 2001 calm,
760 1963 789 1992 a
798 1962 893 1992 sure
910 1953 1075 2001 retreat,

435 2003 520 2048 'Tis
534 2003 663 2047 found
679 2002 853 2047 beneath
870 2003 945 2047 the
965 2008 1216 2058 mercy-seat.
