2868 2322
323 286 455 322 Hymn
470 287 539 323 17.]

1153 280 1397 335 WALKING
1426 281 1535 334 THE
1558 280 1671 333 SEA.

2145 301 2224 331 A.S.
2238 301 2370 331 Kieffer.

2478 279 2534 324 19

485 360 572 391 John
581 360 619 391 P.
631 361 722 391 Ellis.

433 573 464 601 1.
478 573 616 602 There's
627 579 650 601 a
661 572 754 608 light
766 579 813 601 on
826 572 888 600 the
899 571 992 599 dark
1001 571 1072 599 and
1083 571 1230 605 surging
1240 571 1339 606 deep,
1349 570 1442 598 That
1451 569 1574 598 shines
1584 569 1691 598 when
1703 570 1766 597 the
1777 569 1860 597 loud
1874 569 1990 598 winds
2001 577 2094 604 roar,
2136 572 2218 599 And
2231 573 2292 599 the
2304 572 2396 601 form

2408 573 2449 601 of

2472 573 2535 602 the

430 617 460 646 2.
475 617 616 646 There's
626 623 649 645 a
661 616 752 651 light
761 618 800 646 in
823 617 885 644 the
897 615 1022 650 depths
1032 615 1072 644 of
1079 616 1224 650 surging
1279 614 1353 648 life,
1431 613 1525 642 That
1535 613 1682 642 shineth
1694 614 1793 643 forev
1806 628 1821 637 -
1832 620 1870 642 er
1886 620 1997 648 more,
2012 615 2094 644 And
2108 616 2171 644 the
2183 615 2311 645 Friend
2324 618 2405 646 who
2418 618 2534 646 would

431 662 460 691 3.
476 661 618 690 There's
627 667 651 690 a
661 661 755 696 light
766 661 805 689 in
818 661 881 689 the
892 659 1021 694 depths
1032 660 1073 688 of
1080 659 1260 688 Christian
1273 659 1404 693 hearts,
1416 657 1509 687 That
1518 658 1656 693 gleams
1668 665 1714 686 on
1726 658 1788 687 the
1798 664 1917 688 crown
1931 659 2057 693 before,
2111 661 2195 689 And
2208 662 2270 689 the
2280 661 2407 691 Savior
2417 664 2536 692 whose

433 1128 564 1157 Friend
577 1129 660 1157 who
673 1130 757 1158 does
768 1130 832 1158 not
840 1130 946 1165 sleep,
959 1129 1083 1159 Comes
1095 1136 1141 1159 on
1156 1130 1246 1159 from
1261 1131 1324 1158 the
1337 1130 1440 1158 other
1451 1130 1566 1165 shore,
1580 1129 1750 1165 Walking
1763 1130 1826 1159 the
1837 1137 1899 1159 sea
1910 1132 1949 1159 to
1959 1136 2031 1164 you
2044 1130 2115 1159 and
2128 1133 2165 1159 to
2191 1135 2263 1164 me,

2305 1130 2467 1166 Keeping

2477 1131 2538 1160 the

433 1175 513 1206 stay
541 1173 591 1202 all
635 1174 692 1202 sin
722 1173 794 1202 and
818 1174 926 1208 strife,
956 1174 994 1202 Is
1005 1174 1090 1203 here
1103 1175 1194 1203 from
1207 1175 1268 1203 the
1280 1175 1381 1203 other
1405 1174 1523 1208 shore,
1566 1173 1737 1210 Walking
1751 1174 1842 1203 life's
1853 1181 1924 1209 sea,
1937 1176 1973 1203 to
1983 1181 2053 1208 you
2068 1175 2140 1203 and
2153 1177 2192 1203 to
2202 1181 2272 1208 me,
2302 1174 2472 1211 Walking
2499 1182 2538 1204 SO

434 1217 515 1245 love
544 1223 567 1245 a
611 1217 695 1246 bliss
720 1218 772 1246 im
785 1232 799 1241 -
809 1220 914 1253 parts,
960 1218 1115 1247 Attends
1125 1221 1162 1246 to
1185 1218 1245 1246 the
1258 1219 1362 1247 other
1373 1218 1488 1253 shore,
1521 1218 1685 1255 Walking
1699 1219 1789 1249 life's
1799 1225 1861 1248 sea
1871 1219 1959 1247 with
1972 1225 2046 1253 you
2059 1219 2131 1247 and
2144 1219 2233 1247 with
2244 1225 2315 1254 me,
2326 1219 2487 1255 Keeping
2498 1220 2538 1248 in

436 1656 530 1691 light
550 1657 591 1686 of
611 1664 662 1693 us,
675 1660 746 1688 e'er
762 1662 800 1689 to
828 1661 999 1695 befriend,
1008 1661 1136 1692 Ev-er
1160 1663 1200 1690 in
1211 1663 1309 1697 sight
1319 1663 1359 1691 of
1367 1670 1410 1692 us
1430 1670 1552 1692 succor
1562 1665 1601 1691 to
1612 1664 1707 1697 lend,
1721 1662 1889 1699 Walking
1901 1663 1963 1692 the
1974 1669 2045 1697 sea,

2115 1662 2285 1697 Walking
2297 1662 2359 1691 the
2370 1667 2440 1690 sea.

435 1705 515 1729 care
525 1715 538 1724 -
548 1701 600 1730 ful
634 1701 673 1737 ly
685 1704 833 1740 seeking
843 1706 881 1733 to
893 1705 980 1740 find,
1005 1706 1110 1735 Ev-er
1120 1711 1160 1734 SO
1172 1706 1391 1742 prayerfully
1404 1709 1544 1736 earnest
1556 1707 1627 1736 and
1636 1707 1739 1741 kind,
1751 1706 1923 1742 Walking
1933 1708 1996 1736 the
2006 1714 2078 1742 sea,
2117 1706 2287 1744 Walking
2297 1707 2359 1736 the
2370 1712 2440 1734 sea.

435 1746 540 1773 reach
554 1746 594 1774 of
603 1753 655 1781 us,
668 1749 849 1784 watching
860 1749 915 1778 for
926 1750 986 1784 all,
999 1750 1128 1785 Caring
1139 1749 1192 1778 for
1203 1751 1290 1779 each
1302 1751 1343 1779 of
1352 1758 1393 1780 us
1404 1751 1472 1780 lest
1483 1759 1538 1781 we
1548 1751 1676 1781 should
1691 1751 1764 1785 fall,
1777 1751 1949 1787 Walking
1961 1752 2023 1780 the
2034 1758 2105 1787 sea,
2118 1751 2287 1786 Walking
2298 1751 2359 1779 the
2369 1757 2437 1779 sea.

497 1973 570 1996 From
579 1973 636 1996 THE
644 1974 744 1998 STARRY
755 1975 855 2003 CROWN,
865 1977 898 2004 by
908 1978 1062 2005 permission.
