2037 3183
434 215 621 273 HAVE
654 215 872 272 MERCY
908 213 992 273 ON
1025 215 1131 274 ME.
1200 212 1488 275 Concluded.

347 514 418 549 Sav
433 533 448 540 -
468 514 534 558 ior,
558 525 605 549 on
660 524 737 557 me;

1059 514 1118 548 No
1134 513 1229 558 hope
1252 523 1318 549 can
1364 512 1388 548 I
1434 514 1571 551 cher-is
1639 525 1732 558 save,

834 774 912 798 ven
941 774 1020 807 me;

1437 904 1525 930 Rit.

324 1077 431 1121 Lord,
455 1088 497 1112 or
550 1076 571 1111 I
595 1077 741 1123 per-ish,
852 1077 904 1113 Je
909 1097 924 1105 -
932 1088 1005 1121 sus,
1021 1078 1114 1113 have
1129 1087 1261 1122 mer-cy
1306 1088 1353 1112 on
1390 1088 1460 1122 me,
1501 1089 1601 1113 e-ven
1619 1088 1688 1113 me.

168 1455 273 1513 No.
300 1454 398 1514 45.

675 1456 920 1512 KNOWN
952 1456 1031 1512 TO
1063 1457 1242 1513 THEE.

322 1775 353 1809 1.
378 1774 485 1819 Lord,
500 1775 552 1810 all
590 1775 612 1810 I
671 1787 730 1810 am
787 1776 819 1811 is
833 1777 963 1813 known
980 1782 1017 1813 to
1033 1778 1142 1822 Thee,
1165 1777 1214 1812 In
1252 1778 1338 1813 vain
1369 1788 1431 1821 my
1443 1777 1522 1813 soul
1534 1776 1657 1812 would
1672 1780 1731 1821 try

322 1831 354 1865 2.
377 1830 461 1874 Thy
499 1830 551 1865 all
585 1830 629 1868 ob
639 1850 653 1858 -
662 1842 741 1866 serv
753 1851 768 1858 -
779 1833 840 1875 ing
870 1843 935 1876 eye
965 1843 1130 1877 sur-veys
1167 1833 1232 1877 My
1264 1834 1317 1867 ris
1332 1852 1346 1860 -
1370 1833 1432 1877 ing
1454 1833 1527 1868 and
1549 1843 1610 1877 my
1633 1838 1716 1875 rest,

322 1887 354 1921 3.
379 1886 442 1931 My
459 1886 632 1932 thoughts
647 1886 696 1922 lie
712 1899 733 1922 o
746 1901 767 1919 -
780 1899 848 1932 pen
865 1893 903 1923 to
919 1888 1028 1933 Thee,
1045 1888 1151 1932 Lord,
1165 1888 1291 1924 Before
1306 1888 1442 1933 they're
1455 1888 1594 1924 formed
1607 1888 1756 1935 within;

322 1942 354 1977 4.
381 1940 447 1987 Oh,
469 1941 523 1979 let
544 1942 648 1978 thine
663 1955 758 1978 arms
773 1944 949 1980 surround
974 1955 1032 1979 me
1054 1944 1143 1989 stili,
1160 1944 1246 1980 And
1267 1943 1344 1979 like
1373 1955 1396 1979 a
1440 1943 1606 1979 bulwark
1627 1956 1753 1991 prove,

366 2475 420 2511 To
441 2476 536 2511 shun
553 2476 634 2520 Thy
656 2487 836 2522 presence,
866 2488 908 2512 or
952 2481 990 2512 to
1028 2476 1095 2512 flee
1139 2477 1215 2512 The
1257 2488 1305 2511 no
1314 2495 1329 2503 -
1339 2478 1412 2511 tice
1441 2477 1485 2511 of
1495 2476 1613 2512 Thine
1628 2487 1703 2520 eye.

368 2532 431 2575 My
463 2531 602 2577 pub-lic
619 2532 741 2576 walks,
757 2543 819 2577 my
850 2533 1004 2578 pri-vate
1018 2543 1124 2582 ways,
1139 2532 1219 2568 The
1263 2544 1302 2568 se
1312 2552 1325 2560 -
1335 2537 1428 2568 crets
1450 2533 1493 2567 of
1518 2543 1578 2576 my
1597 2532 1725 2568 breast.

367 2587 452 2622 And
475 2598 534 2622 ere
550 2598 610 2631 my
630 2588 700 2633 lips
716 2599 924 2634 pronounce
940 2589 1002 2624 the
1018 2589 1124 2634 word,
1140 2588 1247 2624 Thou
1264 2589 1423 2623 knowest
1447 2587 1499 2623 all
1544 2587 1567 2623 I
1608 2599 1725 2623 mean.

367 2642 420 2678 To
435 2643 550 2689 guard
567 2654 627 2688 my
655 2643 736 2679 soul
752 2644 845 2680 from
871 2655 980 2689 every
1039 2643 1095 2688 ill,
1140 2643 1311 2680 Se-cured
1345 2643 1391 2688 by
1422 2644 1608 2689 sovereign
1625 2646 1722 2680 love.

943 2904 981 2935 45
