2785 2401
803 215 866 267 IS
904 215 1062 267 YOUR
1099 214 1276 266 LAMP
1306 213 1596 268 BURNING
1605 214 1634 265 ?
1705 214 1988 268 Concluded.

2449 219 2550 270 105

975 418 994 436 A

479 520 518 554 If
526 532 598 562 you
608 520 758 563 thought
767 521 844 554 that
854 520 936 561 they
950 520 1077 554 walk'd
1092 521 1129 553 in
1141 521 1201 554 the
1237 520 1326 553 shad
1349 535 1361 543 -
1392 530 1455 561 ow,

1547 519 1648 553 Your
1664 519 1761 563 lamp
1771 520 1888 554 would
1898 520 1988 554 burn
2001 521 2166 565 brighter,

2199 523 2220 556 I

2332 522 2444 556 know.

459 565 528 598 But
550 568 611 598 not
672 576 730 598 ma
744 584 758 590 -
773 576 820 607 ny
875 575 1002 608 among
1017 565 1124 607 them,
1142 575 1203 607 my
1226 565 1328 596 broth
1351 580 1365 587 -
1395 574 1445 606 er,

1550 563 1678 597 Shines
1700 564 1795 597 stead
1813 583 1826 589 -
1813 564 1851 598 -i
1874 576 1890 591 -
1911 564 1947 606 ly
2006 575 2050 598 on
2075 565 2150 599 like

2195 576 2216 600 a

2343 572 2421 600 star.

2022 687 2039 704 N

444 847 641 882 REFRAIN.

1069 943 1092 962 the

459 1107 539 1150 Say,
601 1107 630 1139 is
645 1116 734 1148 your
750 1106 847 1150 lamp
860 1105 1021 1151 burning,
1046 1117 1105 1150 my

1166 1106 1268 1139 broth
1286 1124 1297 1130 -
1315 1107 1377 1140 er?

1543 1105 1565 1140 I

1647 1117 1733 1150 pray
1749 1118 1820 1149 you
1836 1106 1918 1140 look
1935 1107 2080 1150 quickly
2117 1106 2186 1141 and

2290 1118 2366 1147 see;

2146 1247 2166 1268 M

461 1654 531 1688 For
607 1654 639 1687 if
695 1654 725 1687 it
758 1664 849 1688 were
861 1653 1024 1699 burning,
1038 1655 1123 1688 then
1179 1664 1259 1688 sure
1282 1673 1294 1682 -
1319 1654 1354 1694 ly

1490 1653 1595 1687 Some
1607 1653 1705 1687 beam
1719 1653 1835 1687 would
1849 1653 1911 1687 fall
1925 1652 2082 1697 brightly
2119 1665 2163 1688 on

2298 1664 2363 1686 me.

329 1925 348 1955 3
371 1924 407 1955 If
423 1933 503 1955 once
518 1924 565 1955 all
581 1924 640 1955 the
656 1924 764 1964 lamps
779 1924 853 1956 that
867 1933 924 1956 are
938 1924 1069 1965 lighted

1541 1924 1628 1955 How
1643 1924 1690 1955 all
1706 1924 1763 1956 the
1777 1924 1865 1956 dark
1880 1924 1992 1963 places
2006 1924 2117 1956 would
2135 1924 2302 1965 brighten,

409 1963 538 1996 Should
552 1965 696 2004 steadily
712 1964 806 1996 blaze
822 1965 856 1995 in
872 1974 893 1996 a
907 1965 986 2003 line,

1584 1964 1668 1995 How
1684 1965 1742 1996 the
1757 1965 1836 1996 mist
1852 1965 1963 1996 would
1977 1965 2040 1996 roll
2058 1973 2103 2005 up
2118 1966 2185 1997 and
2200 1975 2304 2004 away,

370 2004 470 2036 Wide
483 2014 562 2036 over
576 2005 634 2036 the
649 2004 729 2036 land
743 2005 809 2036 and
826 2006 886 2036 the
902 2014 1014 2044 ocean,

1541 2005 1631 2035 How
1646 2005 1705 2036 the
1718 2005 1812 2036 earth
1830 2004 1941 2036 would
1955 2004 2061 2045 laugh
2077 2011 2136 2037 out
2150 2006 2185 2036 in
2201 2006 2261 2037 her
2276 2007 2430 2045 gladness

414 2045 516 2077 What
529 2054 550 2076 a
562 2045 671 2085 girdle
684 2045 723 2076 of
738 2046 833 2086 glory
849 2046 960 2077 would
973 2046 1073 2078 shine
1082 2049 1091 2078 !

1583 2046 1631 2076 To
1646 2044 1717 2076 hail
1732 2045 1790 2075 the
1805 2044 2021 2078 millennium
2036 2046 2106 2086 day
2116 2063 2151 2069 -
2155 2045 2312 2085 Refrain.
