1733 2321
673 247 937 289 REVIVING
956 246 1153 285 HYMNS.

1402 240 1479 289 (65)

476 332 499 366 5
519 330 612 366 Pass
625 339 685 364 me
697 330 775 370 not,
790 328 821 362 O
835 326 984 371 mighty
997 322 1133 369 Spirit!

563 373 672 408 Thou
685 373 794 407 canst
805 370 916 405 make
929 369 996 404 the
1007 367 1118 403 blind
1130 369 1170 402 to
1184 376 1246 401 see

522 415 727 451 Witnesser
741 413 785 448 of
798 411 921 449 Jesus'
931 410 1054 454 merit,

567 458 708 501 ||Come,
722 456 771 492 oh
786 464 899 499 come,
914 454 990 490 and
1003 453 1116 489 dwell
1129 452 1170 487 in
1184 450 1274 492 me.ll

355 571 499 660 60

764 566 935 603 MERCY'S
952 573 1069 602 FREE.

1350 566 1484 600 P.J.67.

675 628 824 658 TUNE-"
834 625 953 655 Behold
967 624 1024 654 the
1037 622 1166 653 Lamb."

489 699 511 733 1
532 696 591 742 By
603 694 697 735 faith
708 694 734 730 I
745 693 837 730 view
850 702 913 737 my
922 689 1076 728 Saviour
1089 687 1210 733 dying,

576 740 634 776 On
648 738 711 774 the
724 740 809 782 tree,
825 748 872 773 on
885 736 949 771 the
961 738 1056 776 tree;

534 785 590 821 To
604 792 711 828 every
724 782 847 820 sinner
859 780 923 816 He
934 780 968 816 is
980 781 1118 825 crying,

579 828 685 864 Look
696 831 735 863 to
749 826 823 871 Me,
837 825 925 861 look
937 828 976 860 to
988 823 1073 867 Me;

536 873 599 909 He
610 872 693 909 bids
705 871 769 907 the
780 870 899 917 guilty
912 879 992 905 now
1005 867 1103 903 draw
1115 876 1213 909 near,

538 919 688 963 Repent,
703 915 852 960 believe,
866 914 1009 950 dismiss
1022 922 1116 958 your
1127 911 1221 947 fear:

537 963 653 999 Hark
684 961 786 996 hark
816 959 913 996 what
924 957 1087 1005 precious
1099 954 1215 992 words
1226 953 1251 990 I
1259 953 1362 997 hear,

583 1007 737 1053 Mercy's
751 1004 838 1041 free!
861 1002 1016 1048 Mercy's
1025 1001 1105 1037 free
1107 1002 1118 1037 !

496 1098 521 1133 2
540 1095 616 1132 Did
631 1094 761 1139 Christ,
776 1093 878 1128 when
893 1091 917 1127 I
930 1102 1001 1127 was
1014 1090 1072 1126 sin
1085 1087 1270 1136 pursuing,

585 1140 670 1185 Pity
683 1149 752 1182 me,
767 1138 854 1183 Pity
868 1147 936 1181 me,

542 1184 629 1221 And
642 1183 707 1220 did
720 1183 782 1219 He
794 1181 920 1218 snatch
933 1191 995 1225 my
1009 1178 1087 1215 soul
1101 1177 1194 1213 from
1207 1176 1315 1213 ruin?

588 1229 664 1265 Can
677 1228 709 1263 it
721 1227 787 1263 be?
833 1226 908 1262 Can
922 1225 954 1260 it
967 1224 1032 1260 be?

543 1273 614 1319 Oh,
625 1277 706 1319 yes!
729 1272 791 1308 He
804 1270 868 1306 did
881 1269 1059 1306 salvation
1071 1266 1197 1312 bring;

544 1319 607 1354 He
619 1319 652 1354 is
665 1327 729 1363 my
741 1315 911 1360 Prophet,
926 1314 1052 1357 Priest,
1068 1310 1140 1347 and
1155 1311 1276 1355 King;

546 1362 632 1399 And
644 1372 725 1398 now
738 1370 800 1403 my
814 1360 937 1405 happy
949 1358 1030 1395 soul
1044 1368 1110 1393 can
1123 1355 1216 1401 sing,

589 1406 744 1452 Mercy's
757 1404 849 1441 free!
874 1403 1027 1449 Mercy's
1040 1401 1134 1438 free!

501 1499 526 1535 3
546 1496 662 1541 Jesus,
676 1494 739 1531 the
751 1493 893 1540 mighty
907 1491 989 1529 God
1001 1491 1092 1528 hath
1105 1490 1242 1538 spoken

594 1541 705 1576 Peace
719 1545 757 1575 to
770 1549 840 1583 me,
854 1549 962 1584 peace
974 1541 1012 1573 to
1026 1546 1105 1580 me;

550 1586 642 1622 Now
656 1584 708 1620 all
721 1595 785 1629 my
797 1583 923 1619 chains
936 1582 978 1618 of
991 1582 1050 1617 sin
1064 1591 1126 1617 are
1138 1579 1285 1624 broken,

593 1630 617 1665 I
630 1640 690 1665 am
704 1629 786 1673 free,
801 1629 825 1662 I
838 1639 897 1663 am
910 1627 994 1663 free.

550 1675 645 1710 Soon
658 1684 698 1709 as
710 1673 735 1710 I
748 1674 788 1708 in
801 1672 876 1708 His
887 1681 994 1707 name
1006 1668 1179 1715 believed,

549 1718 630 1755 The
643 1717 744 1763 Holy
756 1716 873 1762 Spirit
883 1714 909 1752 I
918 1714 1101 1758 received;

551 1763 639 1799 And
652 1762 774 1798 Christ
785 1762 877 1797 from
892 1759 998 1794 death
1011 1770 1074 1805 my
1087 1758 1167 1796 soul
1179 1755 1379 1804 reprieved

597 1807 750 1853 Mercy's
763 1806 837 1842 free
846 1808 857 1841 !
878 1805 1034 1852 Mercy's
1045 1804 1136 1840 free!

506 1898 532 1934 4
551 1897 658 1934 Jesus
671 1906 734 1941 my
747 1906 863 1939 weary
876 1894 956 1930 soul
970 1894 1159 1936 refreshes;

598 1940 751 1987 Mercy's
764 1940 856 1976 free!
882 1937 1037 1984 Mercy's
1047 1938 1137 1973 free!

552 1985 641 2023 And
653 1996 760 2030 every
773 1986 933 2019 moment
945 1982 1067 2019 Christ
1079 1982 1110 2017 is
1124 1980 1289 2027 precious

599 2030 697 2067 Unto
710 2039 779 2074 me,
794 2028 893 2066 Unto
905 2037 981 2072 me;
