2977 2419
324 233 357 284 6

424 250 535 281 Words
546 250 586 287 by
598 251 646 281 W.
655 252 691 281 T.
701 252 804 281 DALE.

1112 232 1215 285 IT
1250 231 1342 285 IS
1375 232 1847 285 FINISHED!
1864 231 1908 261 99

2177 251 2277 280 Music
2288 251 2328 287 by
2341 252 2372 282 J.
2382 253 2423 282 H.
2433 253 2564 283 LESLIE.

593 539 621 570 1.
642 540 700 570 "It

775 540 806 571 is
859 540 1035 572 finished!"
1055 547 1093 572 so
1132 541 1185 571 He
1201 541 1300 577 cried,
1309 541 1427 571 Bowed
1434 541 1496 571 His
1506 541 1591 571 head
1602 541 1669 571 and
1684 541 1762 571 thus
1794 539 1847 570 He
1862 540 1947 571 died.
1966 540 2050 571 Now
2075 547 2113 570 re
2122 556 2135 565 -
2145 540 2300 578 deeming
2327 541 2419 573 work
2451 542 2483 573 is
2515 542 2608 576 done

1388 867 1587 903 REFRAIN.

577 1104 661 1135 Now
698 1111 760 1135 our
819 1104 865 1136 tri
879 1122 893 1130 -
919 1106 1020 1141 umph
1051 1105 1082 1135 is

1155 1105 1198 1135 be
1212 1116 1226 1125 -
1241 1112 1316 1141 gun.

1388 1103 1448 1134 "It

1539 1105 1569 1134 is

1623 1104 1790 1137 fin-ished!
1830 1104 1864 1134 It
1922 1104 1953 1135 is
2008 1103 2154 1135 finished
2151 1106 2183 1137 !"
2201 1106 2279 1135 Man
2336 1108 2372 1137 to
2411 1106 2484 1138 God
2524 1107 2557 1137 is

603 1693 642 1718 re
666 1704 680 1714 -
696 1695 757 1719 con
772 1705 786 1714 -
796 1689 879 1721 ciled
887 1698 899 1724 ;
916 1688 978 1719 "It
1063 1689 1094 1719 is
1148 1689 1195 1719 fin
1209 1705 1223 1714 -
1237 1688 1345 1719 ished!
1373 1688 1409 1719 It
1494 1688 1524 1719 is
1578 1688 1625 1719 fin
1640 1704 1655 1714 -
1668 1687 1798 1720 ished!"
1820 1688 1842 1719 I

1922 1695 1986 1719 can
2018 1695 2093 1719 now
2138 1689 2179 1719 be
2194 1705 2208 1714 -
2217 1691 2310 1720 come
2343 1689 2406 1720 His
2450 1690 2546 1721 child.

422 1998 442 2027 2
466 1997 520 2028 "It
530 1998 560 2028 is
568 1997 746 2030 finished!"
757 1999 802 2029 all
813 1999 842 2029 is
853 1999 931 2034 o'er,

1148 1999 1168 2029 3
1185 1997 1245 2029 "It
1255 1998 1285 2027 is
1294 1997 1469 2030 finished!"
1483 1997 1610 2028 blessed
1621 1997 1770 2034 thought,

1925 1997 1945 2028 4
1963 1996 2024 2028 "It
2033 1998 2062 2027 is
2072 1997 2210 2028 finished
2217 1998 2249 2027 !"
2261 1999 2385 2030 heaven
2397 1999 2427 2030 is
2438 2006 2537 2035 near;

459 2031 513 2061 All
523 2031 585 2061 His
595 2032 673 2066 pain
684 2033 751 2063 and
762 2033 901 2068 anguish
912 2037 996 2063 sore

1181 2031 1329 2062 Comfort
1339 2034 1373 2061 to
1385 2038 1445 2062 our
1456 2031 1566 2061 hearts
1579 2032 1606 2060 is
1618 2031 1765 2063 brought.

1961 2031 2014 2061 All
2025 2031 2165 2067 through
2175 2032 2284 2062 Christ
2293 2038 2370 2066 may
2378 2033 2474 2064 there
2482 2039 2607 2070 appear
2613 2043 2623 2068 ;

459 2065 513 2094 All
522 2064 585 2095 His
595 2065 768 2103 sufferings
781 2066 858 2096 here
867 2072 926 2095 are
937 2068 1026 2101 past;

1181 2065 1261 2095 Man
1273 2071 1349 2098 may
1360 2070 1435 2094 now
1445 2065 1607 2100 approach
1619 2064 1675 2093 the
1684 2064 1813 2100 throne,

1961 2063 2079 2094 Rebels
2089 2065 2227 2095 doomed
2236 2066 2271 2095 to
2283 2065 2410 2096 endless
2421 2067 2509 2102 pain,

456 2097 539 2129 Now
550 2098 601 2128 He
613 2103 774 2133 conquers
783 2099 835 2128 sin
845 2100 883 2128 at
891 2099 965 2128 last.

1182 2097 1376 2129 Reconciled
1388 2098 1529 2133 through
1540 2097 1648 2127 Christ
1659 2097 1761 2127 alone.

1962 2097 2040 2133 May
2051 2098 2166 2128 return
2176 2099 2211 2128 to
2222 2097 2294 2129 God
2305 2098 2413 2134 again.
