2061 2953
648 248 760 280 TIME
786 246 882 279 AND
909 246 1364 280 ETERNITY-HEAVEN

307 325 415 353 Rivers
427 323 461 352 of
471 323 527 352 life
539 324 644 351 divine
655 323 673 350 I
683 327 744 355 see,

1050 320 1069 347 3
1083 321 1147 348 Ten
1159 320 1308 349 thousand
1319 321 1352 348 to
1364 320 1445 348 their
1457 320 1575 348 endless
1586 319 1677 347 home

341 359 410 385 And
423 359 501 384 trees
513 357 548 383 of
561 357 697 387 paradise

1084 354 1155 382 This
1166 354 1281 381 solemn
1293 354 1429 381 moment
1440 352 1494 382 fiv ;

307 390 325 417 I
336 397 386 418 see
399 397 420 417 a
431 390 527 417 world
538 389 572 416 of
582 389 684 421 spirits
697 388 808 421 bright,

1051 387 1121 414 And
1133 393 1182 413 we
1194 392 1247 413 are
1259 389 1291 413 to
1303 387 1356 413 the
1370 385 1489 418 margin
1502 391 1597 418 come,

344 423 416 450 Who
428 424 506 450 taste
518 422 571 449 the
583 422 733 454 pleasures
746 422 830 449 there
841 428 850 451 ;

1085 420 1153 447 And
1167 425 1214 446 we
1227 420 1335 451 expect
1346 420 1378 445 to
1391 419 1450 446 die.

307 455 390 487 They
401 455 443 482 all
456 461 509 482 are
520 454 614 482 robed
627 454 659 481 in
673 454 798 486 spotless
811 454 914 486 white,

1051 452 1106 479 His
1119 452 1251 479 militant
1263 451 1420 479 embodied
1433 451 1510 483 host,

341 489 410 515 And
422 487 610 521 conquering
619 487 716 520 palms
729 487 799 519 they
808 487 892 514 bear.

1083 484 1163 511 With
1176 484 1300 511 wishful
1312 484 1396 511 looks
1409 489 1456 511 we
1468 484 1568 515 stand,

1049 517 1119 544 And
1132 517 1206 550 long
1218 518 1251 544 to
1260 522 1311 544 see
1323 517 1392 543 that
1403 517 1501 549 happy
1513 518 1606 549 coast,

305 538 326 566 4
338 539 365 567 o
377 539 461 567 what
471 545 524 566 are
535 539 578 566 all
590 544 641 570 my
653 537 815 571 sufferings
826 540 909 570 here,

1082 551 1150 578 And
1162 551 1254 578 reach
1266 550 1319 578 the
1331 549 1477 582 heavenly
1488 549 1570 577 land.

341 573 379 603 If,
391 572 479 605 Lord,
492 572 566 599 thou
579 573 671 599 count
683 577 733 598 me
745 572 825 598 meet

306 606 388 632 With
401 606 468 632 that
480 604 662 637 enraptured
673 604 742 631 host
753 605 785 630 to
798 609 920 636 appear,

1047 598 1068 625 4
1081 600 1143 627 Our
1155 599 1206 626 old
1219 597 1412 631 companions
1423 598 1457 626 in
1470 598 1594 626 distress

341 638 408 665 And
420 638 549 670 worship
561 639 595 665 at
606 637 660 669 thy
672 636 740 665 feet
744 635 753 664 !

1083 633 1135 660 We
1147 632 1233 659 haste
1245 633 1336 664 again
1350 633 1382 658 to
1393 636 1454 662 see,

308 671 381 698 Give
393 671 444 703 joy
457 676 491 697 or
503 671 593 703 grief,
606 670 677 702 give
689 675 759 697 ease
769 676 805 696 or
816 669 899 703 pain,

1049 665 1118 692 And
1132 670 1225 697 eager
1235 665 1309 697 long
1321 665 1370 692 for
1382 669 1439 691 our
1450 664 1575 697 release,

340 704 422 731 Take
435 703 488 730 life
501 709 537 730 or
548 702 665 730 friends
676 708 773 735 away,

1082 698 1150 725 And
1162 698 1221 725 full
1234 697 1359 729 felicity.

306 736 368 763 But
379 736 423 763 let
435 742 485 763 me
498 735 561 763 find
573 735 656 762 them
668 735 711 762 all
722 735 814 768 again

1049 731 1123 758 E'en
1136 736 1205 757 now
1218 731 1256 763 by
1269 730 1347 757 faith
1359 736 1408 757 we
1418 729 1484 762 join
1496 735 1554 757 our
1565 730 1665 757 hands

337 770 376 795 In
387 769 454 795 that
466 768 582 796 eternal
594 768 663 801 day.

1082 764 1162 791 With
1174 764 1260 791 those
1273 763 1340 790 that
1352 765 1436 789 went
1449 763 1553 791 before
1563 769 1572 793 ;

718 805 831 822 CHARLES
843 805 951 822 WESLEY.

1048 796 1116 824 And
1127 797 1214 829 greet
1225 796 1278 823 the
1290 795 1581 829 blood-besprinkled
1593 795 1693 823 bands

1081 830 1126 856 On
1140 829 1192 856 the
1204 828 1320 856 eternal
1332 829 1429 856 shore.

560 869 677 891 FOURTH
687 870 768 890 PART.

1047 877 1066 904 5
1081 879 1142 905 Our
1154 878 1266 911 spirits,
1277 878 1339 909 too,
1351 877 1431 905 shall
1442 877 1564 911 quickly
1575 877 1653 911 join,

305 900 461 940 1033

487 913 665 938 Communion
676 913 743 936 with
752 913 844 936 saints
852 913 884 936 in
893 912 1002 936 heaven.

1080 911 1153 938 Like
1166 911 1258 939 theirs
1271 911 1346 938 with
1359 911 1444 943 glory
1456 910 1605 942 crowned,

305 956 323 982 1
340 957 436 987 COME,
449 956 494 983 let
506 962 543 983 us
554 956 619 988 join
632 961 688 982 our
701 954 817 982 friends
829 954 926 981 above

1048 943 1118 970 And
1130 944 1219 971 shout
1230 946 1263 970 to
1274 949 1326 970 see
1339 949 1395 971 our
1408 943 1559 976 Captain's
1570 944 1650 977 sign,

338 989 417 1016 That
428 989 506 1016 have
517 988 661 1016 obtained
674 989 726 1015 the
742 988 832 1021 prize,

1080 977 1123 1003 To
1135 976 1210 1004 hear
1221 977 1269 1003 his
1279 976 1415 1008 trumpet
1426 976 1533 1003 sound.

307 1022 375 1048 And
388 1028 427 1049 on
440 1022 492 1049 the
505 1021 592 1054 eagle
604 1021 703 1053 wings
714 1021 749 1048 of
759 1020 826 1047 love

1048 1009 1073 1037 o
1083 1008 1152 1036 that
1161 1015 1209 1036 we
1220 1014 1292 1036 now
1304 1009 1403 1041 might
1415 1014 1504 1042 grasp
1517 1014 1575 1036 our
1587 1008 1701 1037 Guide!

339 1055 382 1081 To
393 1054 459 1086 joys
472 1053 605 1081 celestial
617 1054 686 1081 rise.

1081 1042 1105 1069 O
1118 1042 1185 1068 that
1196 1041 1250 1069 the
1262 1041 1347 1068 word
1360 1047 1442 1069 were
1454 1041 1553 1074 given

305 1086 362 1114 Let
372 1087 415 1113 all
428 1087 480 1114 the
491 1087 588 1114 saints
599 1086 765 1114 terrestrial
776 1086 856 1120 sing,

1049 1074 1148 1105 Come,
1163 1074 1241 1101 Lord
1253 1074 1288 1100 of
1300 1074 1391 1106 hosts,
1405 1075 1457 1100 the
1469 1079 1570 1101 waves
1582 1074 1693 1107 divide,

1081 1106 1150 1135 And
1161 1106 1235 1134 land
1247 1111 1285 1134 us
1297 1107 1339 1133 all
1352 1107 1385 1133 in
1398 1106 1531 1134 heaven!

341 1121 420 1147 With
431 1120 518 1147 those
530 1121 563 1147 to
574 1120 660 1152 glory
671 1124 763 1152 gone;

1455 1142 1567 1159 CHARLES
1578 1141 1687 1159 WESLEY.

304 1153 364 1180 For
375 1153 417 1180 all
429 1153 481 1180 the
493 1153 630 1180 servants
643 1152 677 1178 of
688 1158 744 1179 our
756 1152 846 1185 King,

338 1187 376 1212 In
388 1186 474 1213 earth
485 1185 546 1212 and
557 1185 684 1217 heaven,
696 1190 749 1212 are
761 1190 829 1212 one.

1277 1197 1423 1228 Doxology.

304 1237 325 1264 2
339 1238 403 1265 One
415 1236 521 1269 family
532 1243 581 1264 we
593 1236 683 1264 dwell
695 1236 729 1264 in
742 1236 815 1268 him,

1045 1237 1118 1265 THE
1130 1236 1194 1265 God
1207 1236 1241 1265 of
1252 1242 1354 1268 mercy
1367 1237 1405 1264 be
1416 1236 1540 1269 adored,

338 1271 403 1298 One
415 1270 528 1297 church
539 1270 643 1301 above,
659 1269 795 1300 beneath,

1079 1271 1153 1297 Who
1166 1270 1239 1297 calls
1251 1276 1308 1297 our
1319 1269 1401 1297 souls
1413 1270 1491 1297 from
1506 1269 1603 1301 death,

304 1303 430 1335 Though
443 1307 512 1331 now
525 1302 646 1330 divided
658 1302 699 1334 by
712 1303 762 1329 the
773 1303 895 1335 stream,

1045 1303 1121 1330 Who
1131 1306 1221 1329 saves
1233 1302 1271 1334 by
1283 1302 1332 1329 his
1343 1302 1517 1336 redeeming
1530 1302 1624 1335 word,

338 1336 401 1363 The
413 1341 533 1363 narrow
545 1336 667 1367 stream,
681 1335 715 1362 of
727 1334 827 1362 death.

1079 1336 1147 1363 And
1163 1334 1379 1368 new-creating
1392 1335 1512 1366 breath;

305 1369 369 1395 One
380 1373 464 1400 army
476 1368 511 1395 of
522 1368 574 1395 the
586 1367 683 1401 living
696 1367 770 1399 God,

1045 1368 1089 1395 To
1101 1369 1200 1400 praise
1212 1368 1265 1395 the
1277 1367 1395 1396 Father,
1408 1368 1470 1395 and
1483 1368 1535 1396 the
1547 1368 1616 1401 Son,

337 1402 381 1428 To
396 1401 443 1428 his
456 1400 613 1428 command
627 1406 675 1427 we
689 1400 770 1431 bow;

1078 1401 1147 1428 And
1159 1400 1249 1433 Spirit
1261 1399 1460 1431 all-divine,-

303 1434 378 1461 Part
390 1433 424 1461 of
436 1433 483 1460 his
495 1433 564 1460 host
576 1433 653 1460 have
667 1433 786 1461 crossed
797 1434 850 1461 the
861 1433 949 1466 flood,

1044 1434 1108 1461 The
1121 1434 1184 1460 One
1196 1433 1229 1459 in
1242 1433 1347 1464 Three,
1361 1433 1423 1460 and
1434 1433 1531 1461 Three
1543 1434 1578 1461 in
1590 1435 1699 1467 One,-

337 1467 406 1493 And
418 1466 487 1499 part
499 1471 551 1493 are
564 1466 696 1498 crossing
710 1471 789 1494 now.

1077 1465 1133 1493 Let
1143 1465 1240 1493 saints
1251 1466 1314 1492 and
1327 1465 1433 1498 angels
1443 1465 1518 1498 join.

1516 1503 1589 1519 ISAAC
1599 1503 1689 1522 WATTS.

337 1567 675 1598 BURLINGTON.
745 1568 785 1597 C.
807 1569 858 1597 M.

1280 1576 1349 1598 JOHN
1362 1576 1527 1599 FRECKLETON
1540 1577 1689 1602 BURROWES.

976 2623 1038 2654 385
