2950 2262
530 264 1430 394 TIDINGS
1508 261 1803 392 OF
1860 265 2293 420 JOY,

347 441 404 487 A
424 437 570 487 New
592 437 846 496 Singing
875 436 1047 485 Book
1076 437 1176 485 for
1204 435 1471 485 Sabbath
1498 433 1760 494 Schools,
1784 438 1912 493 etc.,
1934 437 2016 495 by
2035 437 2110 486 D.
2130 438 2200 487 E.
2219 438 2446 491 Dortch

394 518 475 554 The
489 517 612 554 Music
626 516 660 554 is
672 516 781 557 New,
799 514 938 561 Bright
951 515 1027 552 and
1042 514 1256 562 Sparkling,
1276 515 1458 560 carefully
1473 513 1659 559 prepared
1678 513 1756 551 and
1776 515 1949 561 skilfully
1964 515 2160 564 arranged,
2176 517 2253 555 and
2273 519 2309 556 is
2321 521 2471 566 strictly

350 572 402 606 up
417 566 457 598 to
471 563 537 598 the
549 563 660 598 times
674 562 714 597 in
729 571 841 607 every
855 562 1006 605 respect.
1057 561 1114 605 By
1125 560 1220 598 mail
1230 560 1275 594 25
1292 564 1359 595 cts.
1384 567 1451 602 per
1477 567 1586 602 copy,
1601 558 1701 597 $3.00
1725 566 1792 601 per
1807 559 1890 599 doz.
1932 561 1985 605 by
1998 571 2152 605 express
2172 562 2273 601 $2.40
2287 573 2356 608 per
2369 565 2451 601 doz.

350 607 475 648 $20.00
493 615 562 651 per
577 607 651 643 100.

1266 602 1435 638 Address

1565 602 1614 637 D.
1638 602 1688 638 E.
1713 602 1948 647 DORTCH,
1972 604 2217 651 Columbia,
2239 607 2379 648 Tenn,

348 710 1507 787 PREGIOUS
1505 710 2469 806 JEWELS,

607 816 716 854 FOR
736 815 974 854 SABBATH
996 814 1238 859 SCHOOLS,
1271 814 1343 852 BY
1366 813 1389 851 J
1428 813 1477 851 H.
1505 813 1686 850 LESLIE
1707 813 1741 849 &
1765 815 1807 851 R.
1833 815 1876 852 B.
1900 815 2206 862 MAHAFFEY,

348 871 433 910 The
442 872 567 909 Music
586 873 621 909 is
641 884 666 909 a
688 872 837 909 skillful
861 871 1118 909 combination
1132 870 1175 908 of
1196 869 1444 913 SIMPLICITY,
1462 869 1628 904 BEAUTY
1642 869 1717 906 and
1731 870 1771 905 E
1795 876 2012 909 CELLENCE.
2061 870 2216 918 Strictly
2228 882 2282 919 up
2297 875 2391 911 with
2403 875 2470 912 the

441 918 553 954 times
565 918 607 953 in
623 916 771 959 Words,
789 916 920 958 Music,
942 916 1137 960 Quantity,
1153 914 1310 960 Quality
1323 914 1401 950 and
1414 914 1532 950 Price.
1596 916 1633 949 A
1648 914 1784 950 Marve
1802 915 1844 950 of
1859 914 2044 961 Elegance
2058 916 2134 953 and
2150 917 2374 963 Cheapness.

611 960 761 1006 Sample
776 969 872 1007 copy
885 961 931 997 20
946 964 1030 998 cts.:
1057 960 1163 1003 $1.80
1176 968 1245 1004 per
1258 959 1378 995 dozen
1398 958 1442 994 in
1461 956 1587 994 Board
1604 957 1757 1000 Covers;
1783 959 1911 998 $15.00
1931 969 2001 1004 per
2018 959 2204 998 hundred.

386 1059 721 1130 The
771 1054 1492 1129 Musical
1538 1055 2429 1147 Advocate,

351 1161 387 1197 A
399 1161 506 1205 large
519 1160 717 1207 four-page
736 1159 921 1204 monthly,
939 1157 1099 1195 devoted
1120 1157 1352 1203 exclusively
1365 1160 1407 1194 to
1428 1157 1495 1194 the
1513 1157 1670 1193 interest
1690 1156 1735 1193 of
1755 1158 1875 1195 music
1895 1158 1937 1195 in
1951 1157 2089 1195 Public
2108 1157 2276 1203 Schools,
2301 1159 2468 1197 Sabbath

351 1204 514 1243 Schools
518 1205 810 1249 Congregations
824 1203 900 1239 and
916 1204 1055 1240 Choirs.
1105 1203 1282 1239 Contains
1293 1200 1456 1237 musical
1467 1201 1712 1237 information
1726 1212 1773 1236 an
1810 1202 2006 1238 first-class
2012 1214 2095 1238 new
2106 1205 2226 1240 music
2238 1205 2301 1240 for
2314 1205 2469 1241 themil-

349 1250 439 1286 lion.
471 1249 563 1284 Best
574 1249 617 1284 of
625 1250 675 1285 its
686 1250 781 1284 class
795 1248 858 1284 for
870 1249 935 1284 the
949 1249 1049 1291 price
1060 1247 1100 1283 in
1116 1247 1300 1282 America.
1334 1246 1448 1291 Only
1460 1246 1528 1282 50
1543 1247 1625 1282 cts.
1640 1254 1670 1281 a
1683 1254 1812 1290 year.
1843 1247 2074 1284 Circulation
2084 1257 2173 1283 over
2182 1248 2295 1290 6,000.
2325 1249 2471 1295 Agents

353 1292 500 1328 wanted
514 1291 762 1337 everywhere.

727 1345 883 1384 Recently
892 1345 1073 1384 published,
1085 1353 1107 1376 a
1117 1346 1204 1383 Song
1215 1346 1259 1383 by
1267 1346 1307 1376 R.
1320 1345 1357 1376 B.
1370 1345 1573 1382 MAHAFFEY,,
1587 1346 1693 1375 words
1703 1344 1748 1381 by
1758 1345 1794 1375 E.
1807 1345 1845 1375 R.
1858 1345 1977 1381 LATTA,
1990 1343 2126 1377 entitled

531 1388 726 1452 "WE
753 1395 1113 1452 SHOULD
1143 1394 1373 1450 LOVE
1406 1394 1634 1450 EACH
1666 1394 1966 1453 OTHER
1999 1393 2296 1455 MORE."

352 1478 464 1516 Price

475 1479 520 1516 30

533 1481 647 1515 cents.
696 1477 801 1515 Sales
815 1476 1004 1514 immense.
1052 1476 1133 1513 The
1147 1478 1284 1514 chorus
1298 1477 1331 1513 is
1344 1476 1527 1523 arranged
1541 1477 1604 1513 for
1625 1476 1712 1512 SIX
1732 1474 1931 1518 VOICES,
1949 1487 1993 1513 or
2014 1487 2085 1513 can
2106 1477 2155 1514 be
2167 1487 2267 1524 sung
2286 1478 2384 1515 with
2396 1478 2473 1515 fine

352 1523 465 1560 effect
477 1532 520 1560 as
532 1533 557 1559 a
569 1523 668 1559 duet.
716 1523 779 1558 An
794 1521 998 1559 admirable
1010 1531 1107 1568 song
1118 1522 1181 1558 for
1194 1522 1259 1558 the
1273 1521 1385 1558 home
1400 1522 1512 1558 circle
1525 1521 1601 1557 and
1615 1520 1771 1557 fireside.

785 1633 907 1701 Just
936 1632 1247 1699 Published,
1280 1623 1498 1690 "EDEN
1526 1631 1603 1691 OF
1632 1631 1768 1689 THE
1794 1631 2042 1690 BLEST."

353 1714 456 1761 Song
470 1715 547 1752 and
561 1716 698 1752 chorus
713 1716 764 1759 by
778 1713 830 1750 M.
849 1713 891 1751 P.
911 1713 1058 1757 SUTER,
1077 1714 1200 1750 words
1214 1715 1266 1759 by
1281 1713 1341 1750 W.
1362 1713 1403 1750 C.
1421 1712 1602 1750 HOLMES.
1650 1712 1760 1750 Price
1772 1714 1818 1749 20
1831 1717 1946 1750 cents.
1994 1713 2091 1751 This
2109 1722 2207 1759 song
2219 1715 2256 1751 is
2269 1714 2468 1758 beautiful,

353 1765 465 1796 sweet
480 1759 557 1796 and
574 1762 777 1805 charming.
826 1758 910 1794 The
924 1761 1050 1795 words
1063 1759 1140 1795 and
1155 1759 1276 1794 music
1289 1769 1354 1795 are
1374 1759 1417 1794 in
1439 1760 1536 1794 such
1557 1758 1705 1803 perfect
1732 1758 1918 1804 harmony
1931 1759 2019 1794 that
2039 1758 2076 1794 it
2094 1759 2284 1802 awakens,
2296 1759 2341 1795 in
2363 1760 2472 1796 those

354 1804 441 1840 who
456 1803 547 1840 hear
559 1804 601 1846 it,
619 1813 643 1840 a
656 1803 752 1839 fond
765 1803 1012 1848 anticipation
1027 1803 1069 1839 of
1082 1814 1106 1839 a
1118 1812 1214 1847 pure
1227 1803 1303 1839 and
1317 1803 1447 1849 happy
1462 1803 1574 1838 home
1589 1802 1738 1849 beyond
1752 1804 1817 1840 the
1831 1812 1954 1849 grave.
2004 1803 2173 1840 Address

1660 1864 1728 1905 R.
1748 1865 1811 1904 B.
1829 1863 2211 1911 MAHAFFEY,

353 1917 577 1962 Publisher
610 1918 657 1960 of
667 1917 795 1960 Sheet
806 1917 947 1959 Music
960 1917 1047 1960 and
1060 1917 1199 1958 Music
1213 1916 1361 1959 Books.

2169 1917 2381 1962 ALTOONA,
2396 1917 2471 1955 PA.
