2000 3158
253 217 320 270 22

937 214 1038 270 For
1069 213 1163 269 Me.

320 291 420 322 CHAS.
432 292 474 322 H.
487 293 644 323 GABRIEL.

1546 290 1584 320 R.
1596 292 1635 320 A.
1647 289 1775 320 KINZIE,

335 530 369 565 1.
392 529 501 565 Hark
548 529 571 564 I
630 529 719 564 hear
753 528 817 563 the
860 528 932 564 Sav
951 546 967 555 -
979 527 1037 562 ior
1096 538 1158 570 cry
1175 545 1190 554 -
1205 527 1279 571 ing,
1313 527 1385 571 Cry
1407 544 1425 554 -
1456 526 1520 571 ing
1565 528 1623 561 for

1680 537 1760 566 me;

336 597 369 632 2.
388 596 439 632 In
520 596 584 631 the
620 595 723 630 tomb
767 593 790 629 I
864 605 922 629 see
966 593 1043 628 him
1104 593 1142 637 ly
1166 612 1182 621 -
1200 594 1278 638 ing,
1313 593 1408 628 Laid
1438 594 1541 629 there
1567 594 1625 629 for
1682 605 1761 636 me;

337 665 370 700 3.
393 664 484 699 Now
528 664 567 698 in
635 663 694 708 glo
717 680 733 690 -
759 672 803 705 ry
870 662 911 696 in
933 676 952 691 -
971 666 1026 696 ter
1046 680 1062 689 -
1094 662 1159 697 ced
1176 680 1190 688 -
1204 661 1277 706 ing,
1315 660 1409 706 Pray
1423 678 1439 688 -
1458 662 1522 706 ing
1566 662 1623 696 for
1681 672 1760 704 me;

388 1178 482 1214 Pain
497 1196 511 1205 -
527 1178 582 1213 ful
604 1197 620 1206 -
648 1177 688 1223 ly
748 1177 821 1214 and
863 1177 1031 1221 slow-ly
1098 1178 1147 1223 dy
1170 1197 1185 1206 -
1207 1178 1283 1224 ing,
1322 1178 1380 1221 Dy
1410 1197 1426 1207 -
1455 1178 1519 1223 ing
1572 1179 1630 1214 for
1684 1189 1753 1214 me.

388 1244 460 1280 Sad
520 1246 586 1280 the
616 1249 719 1280 notes
739 1245 832 1280 from
859 1244 960 1280 heav
958 1264 972 1273 -
984 1256 1028 1280 en

1096 1245 1144 1289 fly
1167 1264 1183 1273 -
1205 1246 1278 1290 ing,
1297 1244 1384 1282 "All
1448 1246 1525 1282 this
1571 1246 1628 1281 for
1682 1245 1776 1282 me."

390 1311 515 1348 While

529 1311 588 1347 his

630 1311 694 1347 lov
716 1330 732 1340 -
753 1312 818 1355 ing
854 1311 959 1347 heart
989 1312 1022 1347 is
1066 1310 1280 1358 bleed-ing,
1318 1311 1522 1358 Bleed-ing
1571 1313 1629 1348 for
1683 1323 1754 1348 me.

390 1819 560 1865 Bear-ing
578 1820 628 1854 all
659 1830 722 1864 my
754 1821 811 1854 sin
836 1820 906 1855 and
920 1820 1077 1865 sadness,
1086 1819 1287 1866 Snatching
1297 1831 1355 1854 me
1363 1820 1456 1854 from
1466 1819 1574 1855 death
1586 1819 1656 1855 and
1668 1820 1843 1866 madness,

388 1887 456 1923 See
465 1888 478 1922 !
499 1887 561 1922 the
574 1887 675 1922 tomb
694 1887 726 1922 is
746 1891 826 1922 rent
858 1898 881 1922 a
895 1887 1063 1931 -sunder,
1076 1887 1189 1923 Earth
1202 1888 1233 1922 is
1243 1886 1392 1923 thrilled
1401 1887 1487 1922 with
1498 1887 1664 1923 heaven's
1674 1887 1844 1932 thunder,

388 1953 411 1989 I

470 1953 547 1989 will
567 1953 651 1989 love
666 1953 759 1998 thee,
776 1952 913 1989 blessed
932 1953 1064 1998 Je-sus,
1080 1953 1154 1989 For
1189 1954 1256 1999 thy
1273 1964 1411 1998 mer-cy
1440 1954 1599 1998 sweet-ly
1619 1954 1709 1989 frees

1745 1964 1799 1999 us,

388 2457 596 2504 Turn - ing
501 2477 518 2486 -
640 2469 701 2494 sor
714 2477 728 2484 -
742 2469 816 2494 row
876 2459 915 2494 in
950 2478 965 2486 -
996 2464 1036 2494 to
1079 2459 1283 2504 glad-ness,
1319 2458 1382 2494 All
1429 2458 1503 2494 this
1546 2458 1603 2493 for

1662 2466 1730 2493 me

389 2525 459 2571 Oh,
526 2536 590 2570 my
630 2525 722 2570 soul,
740 2526 818 2561 how
848 2529 950 2571 great
986 2526 1049 2561 the
1087 2536 1166 2561 won
1182 2544 1197 2554 -
1209 2525 1286 2570 der,
1302 2525 1389 2561 "All
1427 2525 1503 2560 this
1546 2525 1603 2560 for
1662 2525 1754 2560 me."

389 2592 473 2629 Life
516 2592 599 2628 that
636 2604 714 2628 mer
753 2603 800 2636 cy
856 2603 936 2629 now
993 2593 1038 2629 de
1048 2612 1063 2621 -
1073 2602 1169 2629 crees
1215 2603 1269 2637 us,
1307 2593 1395 2629 Was
1416 2592 1516 2637 giv'n
1547 2592 1604 2627 for
1663 2603 1731 2628 me.

702 2849 882 2883 Copyright,
892 2850 962 2881 1878,
973 2850 1015 2881 by
1025 2850 1120 2877 JOHN
1135 2850 1280 2878 CHURCH
1294 2850 1324 2878 &
1338 2850 1392 2877 Co.
