2695 2189
1034 263 1223 313 PRESS
1256 264 1363 315 WE
1394 265 1502 316 ON.

936 339 978 367 "I
988 346 1071 372 press
1081 340 1218 367 towards
1239 342 1291 367 the
1306 341 1406 368 mark.
1409 339 1437 358 "
1461 340 1549 368 PHIL.
1560 342 1581 369 3
1587 347 1597 369 :
1608 342 1648 370 14.

308 366 399 395 REV.
409 366 444 395 T.
455 366 488 395 J.
497 367 689 396 SHELTON.

1943 371 1977 400 J.
1986 371 2029 399 H.
2040 372 2272 399 ROSECRANS.

307 609 336 642 1.

383 607 428 642 Je
445 626 457 633 -
475 618 543 648 sus,
569 619 614 642 on
676 607 742 652 thy
787 606 1013 652 love re - ly
940 627 952 633 -
1032 626 1047 634 -
1069 607 1143 653 ing,
1168 606 1189 642 I
1251 618 1309 641 am
1368 617 1444 641 com

1695 612 1732 642 to

1793 608 1884 647 thee;

1896 608 1983 650 Yea,

2040 609 2079 642 in

2131 609 2189 644 liv

2247 609 2311 654 ing

308 653 338 685 2.
364 651 449 685 Tho'
466 662 527 696 my
544 654 645 686 earth
660 670 674 678 -
690 653 728 695 ly
742 662 861 686 crown
889 655 931 685 be
943 655 1048 687 thorn
1065 670 1079 678 -
1144 652 1242 686 Thou
1256 651 1336 686 wilt
1356 654 1438 696 give

1506 662 1530 686 a

1563 653 1737 697 bright-er

1797 663 1873 692 one;
1888 652 1972 686 Tho'
2010 663 2071 697 my
2110 653 2222 689 earth
2259 654 2301 698 ly

307 697 338 730 3.
358 696 463 731 Faith
475 708 539 731 can
555 700 637 741 sing
688 699 728 730 in
776 695 827 731 bit
850 715 865 724 -
888 700 941 731 ter
955 707 1014 731 sor
1036 715 1051 724 -
1065 706 1153 735 row;
1160 695 1253 730 Love
1265 706 1330 730 can
1347 698 1448 731 drive
1507 708 1531 731 a
1553 715 1567 724 -
1589 707 1669 742 way
1683 708 1744 742 my
1775 698 1877 737 fears;
1882 698 1985 730 Trust

2000 715 2015 724 -

2029 699 2093 743 ing

2136 698 2192 732 for

2273 709 2295 733 a

1538 924 1696 969 Chorus.

370 1197 410 1221 or
468 1186 507 1220 in
546 1185 596 1231 dy
619 1205 634 1213 -
656 1189 720 1231 ing
742 1185 765 1221 I
819 1185 895 1222 will
953 1185 1030 1221 still
1088 1196 1127 1220 re
1143 1203 1158 1211 -
1172 1195 1261 1219 mem
1278 1204 1291 1212 -
1303 1185 1363 1220 ber
1377 1185 1467 1220 thee.

304 1241 442 1274 voyage
466 1231 509 1266 be
553 1236 701 1274 stormy,
730 1231 812 1266 O'er
826 1231 887 1266 the
932 1230 1035 1265 cloud
1049 1229 1184 1274 sbright
1200 1230 1317 1265 shines
1333 1232 1394 1265 the
1406 1241 1485 1264 sun.
1490 1229 1590 1265 Press
1629 1240 1684 1265 we
1757 1240 1805 1265 on
1874 1230 1914 1264 in
1973 1229 2043 1264 self
2084 1228 2182 1264 de-ni

2256 1229 2305 1273 al,

327 1276 449 1320 bright
478 1279 712 1318 to-mor-row,
730 1275 908 1321 Hopecan
939 1278 1033 1320 wipe
1092 1285 1116 1311 a
1137 1294 1152 1302 -
1176 1285 1258 1319 way
1274 1285 1334 1319 my
1352 1282 1456 1310 tears.

328 1744 379 1778 To
417 1743 478 1779 the
490 1755 608 1779 crown
624 1753 689 1777 our
707 1741 846 1787 coming
861 1742 980 1783 waits;
993 1741 1067 1787 Joy
1084 1741 1161 1776 will
1177 1741 1245 1776 end
1277 1741 1328 1777 all
1345 1752 1423 1776 care
1436 1741 1505 1776 and
1524 1741 1572 1776 tri
1625 1739 1662 1775 al
1676 1740 1789 1775 When
1806 1751 1860 1775 we
1876 1751 1956 1785 pass
1968 1741 2031 1776 the
2051 1740 2194 1788 pear-ly
2215 1744 2312 1786 gates
