2813 2221
315 230 383 280 70

944 229 1125 278 JESUS
1161 231 1288 278 CAN
1325 231 1483 280 SAVE
1518 232 1679 280 EVEN
1715 231 1818 280 ME.

912 303 972 331 For
983 304 1028 330 IIe
1036 304 1117 331 shall
1129 313 1200 332 save
1209 306 1263 332 the
1274 306 1374 336 people
1389 306 1469 332 from
1481 306 1563 332 their
1572 306 1646 335 sins,
1652 317 1677 325 -
1680 307 1780 339 MATT,
1799 309 1821 333 1:
1838 307 1918 338 21,")

2029 338 2167 365 FRANK
2182 337 2226 367 M.
2243 337 2373 370 DAVIS,

518 364 704 399 Moderato.

486 569 511 598 1,
542 567 643 594 Je-sus
665 574 721 593 can
731 573 803 593 save
841 574 927 594 e-ven
967 573 1025 598 me,
1066 566 1148 593 Is'nt

1206 567 1276 593 that
1287 567 1361 598 good
1374 567 1468 594 news?

1519 567 1565 593 He
1575 568 1652 593 from
1663 570 1711 594 sin
1729 575 1786 595 can
1806 570 1853 595 set
1873 575 1920 594 me
1930 568 2002 599 free,

2066 568 2148 596 Is'nt

2202 569 2273 596 that
2285 569 2361 601 good
2372 570 2466 596 news?

483 609 509 634 2.
542 608 645 634 Je-sus
663 613 761 633 comes
773 607 846 633 with
859 613 956 638 mercy
969 608 1040 638 free,
1065 606 1149 633 Is'nt

1200 607 1271 633 that
1282 606 1358 638 good
1369 607 1463 634 news?

1526 607 1569 633 To
1607 615 1626 634 a
1661 609 1781 635 sin-ner
1802 615 1874 640 poor
1884 608 1947 635 like
1966 616 2024 639 me,

2064 609 2147 636 Is'nt

2205 610 2275 637 that
2285 610 2360 641 good
2371 610 2466 637 news?

483 650 509 679 3,
539 648 642 675 Je-sus
652 648 698 673 He
707 648 762 674 has
772 647 938 678 conquered
948 647 1051 678 death,
1061 647 1144 674 Is'nt

1203 647 1272 673 that
1282 647 1358 678 good
1369 648 1463 675 news?

1501 646 1587 672 Sav'd
1599 648 1724 675 mewith
1738 648 1793 675 His
1832 649 1925 681 dying
1936 649 2052 682 breath,
2066 649 2147 677 Is'nt

2197 651 2266 677 that
2277 650 2351 682 good
2363 651 2456 677 news?

456 1098 599 1130 Suff'ring
609 1105 648 1125 on
658 1098 711 1124 the
740 1104 822 1125 cross
832 1098 879 1124 He
889 1098 968 1128 bore,
972 1098 1050 1125 That
1060 1105 1099 1124 on
1111 1097 1260 1125 Canaan's
1286 1097 1420 1128 peaceful
1434 1097 1541 1126 shore,]
1566 1097 1666 1125 might
1675 1098 1763 1125 dwell
1774 1099 1870 1125 for-ev
1882 1112 1895 1119 -
1903 1105 2029 1129 ermore,
2059 1098 2142 1126 Is'nt

2186 1099 2256 1126 that
2266 1099 2342 1130 good
2352 1099 2446 1125 news?

456 1139 537 1166 He'll
550 1140 664 1165 redeem
674 1145 723 1169 my
733 1138 859 1169 helpless
870 1139 947 1170 soul,
958 1138 1050 1165 Wash
1060 1138 1120 1165 and
1131 1138 1248 1164 cleanse
1258 1144 1315 1168 me,
1324 1138 1412 1164 make
1422 1144 1470 1164 me
1478 1138 1587 1168 whole,
1591 1138 1674 1165 Lead
1684 1145 1731 1164 me
1742 1139 1864 1169 upward
1873 1140 1905 1165 to
1915 1140 1967 1165 the
1983 1139 2138 1171 goal,Is'nt

2187 1139 2257 1166 that
2267 1139 2342 1171 good
2353 1139 2446 1166 news?

454 1179 532 1206 Soon
545 1179 624 1205 He'll
634 1180 718 1205 leave
727 1179 784 1205 His
794 1180 932 1205 mansion
942 1179 1039 1210 home,
1043 1178 1167 1210 Coming
1177 1178 1264 1205 down
1275 1180 1307 1204 to
1317 1178 1407 1204 claim
1417 1178 1466 1204 his
1475 1185 1553 1210 own,
1564 1178 1614 1205 All
1626 1179 1783 1208 who"trust
1793 1180 1826 1205 in
1835 1179 1901 1206 him
1911 1180 2009 1211 alone,
2059 1179 2140 1206 Is'nt

2188 1180 2258 1206 that
2267 1180 2343 1211 good
2353 1180 2447 1207 news?

475 1482 633 1517 CHORUS.

515 1685 596 1711 Is'nt

634 1685 706 1712 that
715 1686 793 1717 good
800 1686 895 1712 news?

981 1685 1063 1712 Is'nt

1110 1685 1182 1711 that
1191 1685 1266 1716 good
1280 1684 1376 1712 news?

1463 1683 1566 1710 Je-sus
1585 1690 1719 1711 can save

1760 1691 1848 1711 e-ven

1876 1691 1935 1716 me,

1992 1684 2075 1712 Is'nt

2128 1685 2198 1712 that
2206 1686 2282 1717 good
2293 1686 2387 1713 news?
