2434 3214
965 220 1236 272 CHURCH
1270 219 1614 271 MEETINGS.

2169 251 2218 316 5

499 314 742 355 AUTUMN.
773 317 836 355 8s
852 314 894 354 &
909 317 987 353 7s.
1024 314 1076 351 D.

1922 313 2115 348 SPANISH.

590 630 621 661 1.
662 627 835 660 Glo-rious
844 626 962 664 things
976 627 1016 656 of
1030 626 1110 657 thee
1124 632 1185 657 are

1228 624 1325 664 spok

1356 632 1413 662 en,

1472 625 1514 657 Zi
1529 640 1543 648 -
1560 631 1620 663 on,
1668 626 1705 657 ci
1737 639 1752 650 -
1783 626 1823 663 ty
1850 626 1891 657 of
1918 632 1984 658 our
2026 627 2118 661 God!

2108 906 2212 939 FINE.

590 1162 647 1195 He

688 1161 803 1193 whose
819 1160 912 1193 word

987 1161 1125 1192 can-not
1155 1160 1200 1192 be
1250 1161 1339 1191 brok
1353 1175 1368 1182 -
1382 1167 1437 1196 en,
1470 1159 1614 1190 Formed
1625 1160 1704 1190 thee
1737 1160 1793 1190 for
1835 1159 1891 1190 his

1933 1165 2011 1190 own
2032 1166 2055 1189 a
2075 1174 2090 1183 -
2099 1159 2198 1191 bode.

467 1198 516 1232 D.
534 1199 558 1229 S
585 1196 676 1227 With
712 1195 770 1226 Sal
786 1211 799 1219 -
823 1202 869 1226 va

947 1195 1049 1226 tion's
1060 1194 1155 1226 walls
1166 1192 1427 1230 sur-round-ed,
1476 1193 1573 1224 Thou
1584 1194 1705 1230 may'st
1722 1192 1819 1223 smile
1852 1196 1891 1222 at
1942 1193 1990 1222 all
2003 1193 2064 1229 thy
2088 1194 2174 1224 foes.

2123 1472 2166 1502 D.
2182 1472 2217 1502 S.

585 1725 639 1756 On

705 1724 764 1754 the

813 1723 897 1754 rock

983 1722 1022 1752 of
1039 1723 1070 1752 A
1087 1736 1100 1744 -
1118 1727 1179 1758 ges
1212 1719 1391 1757 found-ed,
1425 1719 1526 1750 What
1535 1727 1600 1751 can
1632 1719 1740 1751 shake
1764 1719 1825 1756 thy
1834 1725 1915 1750 sure
1929 1724 1972 1750 re
2033 1721 2138 1754 pose?

2143 1757 2207 1820 c/'s

493 2007 531 2036 8s
541 2005 568 2035 &
575 2007 621 2035 7s.
634 2006 677 2035 D.
693 2005 759 2034 1sa.
777 2004 822 2034 33.
839 2003 886 2033 20.
903 2003 949 2033 21.

1093 2001 1269 2033 NEWTON.

323 2006 458 2067 162.

528 2039 613 2069 Zion
627 2040 657 2068 is
675 2035 831 2075 defended
847 2036 915 2067 and
929 2034 1087 2073 supplied.

1310 2056 1338 2096 4
1364 2053 1486 2096 Blest
1501 2055 1758 2096 inhabitants
1777 2055 1826 2095 of
1848 2055 1967 2104 Zion,

321 2089 350 2129 2
376 2088 456 2129 See
472 2088 544 2127 the
562 2089 739 2128 streams
759 2084 808 2124 of
823 2083 955 2135 living
972 2085 1120 2125 waters

1426 2107 1600 2150 Wash'd
1613 2111 1660 2148 in
1676 2109 1749 2149 the
1766 2105 2031 2150 Redeemer's
2042 2106 2181 2149 blood

432 2140 658 2193 Springing
677 2140 788 2179 from
816 2136 974 2177 eternal
998 2136 1107 2186 love,

1362 2165 1504 2213 Jesus,
1523 2163 1661 2203 whom
1676 2162 1785 2202 their
1801 2162 1918 2203 souls
1933 2161 2025 2213 rely
2041 2172 2111 2212 on,

376 2194 488 2236 Well
504 2194 661 2245 supply
680 2193 757 2244 thy
775 2201 876 2232 sons
894 2189 978 2230 and
991 2189 1228 2241 daughters,

1415 2217 1564 2258 Makes
1572 2217 1685 2257 them
1691 2215 1815 2268 kings
1824 2214 1906 2257 and
1913 2215 2064 2267 priests
2071 2219 2117 2256 to
2125 2213 2244 2262 God;

432 2247 531 2289 And
543 2247 601 2288 all
615 2247 708 2287 fear
729 2246 778 2286 of
795 2247 908 2285 want
922 2253 1109 2284 remove:

1366 2271 1455 2313 'Tis
1472 2271 1539 2311 his
1554 2270 1650 2311 love
1663 2270 1731 2310 his
1745 2268 1896 2321 people
1911 2270 2043 2311 raises

376 2302 488 2343 Who
507 2313 585 2342 can
602 2300 715 2341 faint
732 2297 853 2340 while
870 2296 977 2338 such
993 2308 1021 2337 a
1034 2298 1144 2337 river

1418 2325 1530 2366 Over
1545 2324 1630 2365 self
1640 2327 1687 2365 to
1703 2322 1825 2375 reign
1841 2334 1889 2364 as
1904 2322 2044 2374 kings,

430 2356 540 2397 Ever
556 2355 675 2396 flows
694 2353 803 2394 their
829 2351 956 2392 thirst
970 2349 1209 2404 t'assuage?

1362 2378 1463 2420 And
1480 2389 1527 2419 as
1543 2378 1711 2430 priests,
1730 2377 1797 2417 his
1813 2377 1976 2417 solemn
1990 2376 2150 2428 praises

378 2409 529 2459 Grace,
552 2407 687 2449 which
704 2406 791 2447 like
809 2405 882 2446 the
898 2403 1026 2453 Lord,
1046 2404 1119 2444 the
1134 2405 1265 2457 giver,

1414 2431 1532 2473 Each
1547 2432 1617 2472 for
1634 2442 1662 2472 a
1671 2428 2000 2483 thank-off'ring
2013 2430 2170 2482 brings.

432 2463 570 2505 Never
582 2461 682 2502 fails
702 2461 814 2501 from
828 2470 907 2510 age
922 2461 969 2499 to
987 2469 1077 2510 age.

320 2529 351 2569 3
378 2526 533 2569 Round
550 2526 655 2568 each
672 2523 908 2567 habitation
922 2521 1130 2575 hov'ring,

1310 2522 1335 2561 5
1363 2520 1552 2569 Saviour,
1572 2518 1612 2559 if
1637 2518 1686 2560 of
1709 2517 1855 2560 Zion's
1868 2518 1956 2569 city

430 2582 509 2624 See
526 2581 599 2622 the
619 2578 746 2621 cloud
762 2577 845 2618 and
864 2578 938 2617 fire
955 2575 1130 2628 appear!

1414 2572 1455 2622 I,
1473 2572 1657 2625 through
1673 2583 1813 2625 grace,
1829 2583 1858 2612 a
1870 2572 2056 2613 member
2073 2581 2165 2618 am;

376 2636 462 2676 For
478 2647 506 2675 a
515 2634 638 2688 glory
659 2633 742 2674 and
758 2643 786 2672 a
804 2630 1007 2683 cov'ring,

1362 2628 1444 2667 Let
1457 2627 1529 2667 the
1535 2624 1666 2667 world
1680 2624 1824 2666 deride
1840 2636 1890 2666 or
1906 2625 2013 2678 pity,

430 2688 626 2741 Showing
640 2687 734 2728 that
753 2686 827 2726 the
847 2684 962 2725 Lord
976 2685 1016 2724 is
1032 2692 1157 2730 near;

1413 2680 1443 2720 I
1456 2679 1541 2720 will
1555 2679 1677 2731 glory
1688 2680 1735 2719 in
1749 2679 1828 2731 thy
1843 2689 1986 2719 name:

375 2742 493 2784 Thus
506 2742 699 2794 deriving
718 2741 831 2781 from
851 2738 960 2779 their
976 2737 1134 2779 banner

1361 2733 1527 2786 Fading
1540 2735 1580 2774 is
1596 2734 1670 2774 the
1687 2730 1926 2786 wordling's
1940 2732 2146 2785 pleasure,

432 2796 559 2850 Light
574 2796 634 2849 by
654 2794 777 2847 night
796 2791 881 2834 and
898 2790 1029 2833 shade
1045 2791 1104 2843 by
1128 2787 1237 2842 day;

1417 2787 1489 2827 All
1503 2787 1570 2827 his
1586 2786 1765 2828 boasted
1781 2797 1909 2839 pomp
1927 2785 2011 2826 and
2025 2786 2161 2832 show;

373 2849 479 2892 Safe
494 2851 595 2902 they
613 2848 715 2890 feed
733 2858 849 2900 upon
864 2845 937 2887 the
953 2844 1113 2885 Manna

1363 2840 1481 2883 Solid
1491 2842 1589 2893 joys
1607 2840 1692 2882 and
1708 2839 1864 2892 lasting
1879 2841 2082 2889 treasure,

378 2904 531 2946 Which
557 2904 611 2944 he
627 2903 747 2957 gives
765 2901 881 2942 them
897 2899 1017 2940 when
1033 2899 1133 2950 they
1149 2907 1267 2950 pray.

1416 2894 1541 2936 None
1557 2895 1638 2936 but
1650 2893 1791 2935 Zion's
1809 2893 1994 2935 children
2006 2893 2145 2934 know.
