1377 2074
1148 172 1195 212 51

472 216 595 258 THE
620 214 1008 260 SCRIPTURES.

286 264 376 321 65

607 284 802 317 Hendon.
836 286 892 316 rs.

1104 411 1140 438 0

332 511 444 551 HOLY
461 513 574 551 Bible
582 515 593 551 !
641 512 746 551 Book
765 513 911 553 divine!

334 558 510 599 Precious
525 563 703 605 treasure,
720 561 816 599 thou
832 564 894 600 art
908 562 1031 602 mine!

331 604 438 644 Mine
453 610 492 644 to
506 607 574 645 tell
589 618 649 644 me
665 607 819 647 whence
834 608 856 647 I
870 619 987 657 came,

331 652 438 691 Mine
452 656 491 691 to
508 654 615 692 teach
632 666 692 692 me
711 654 812 693 what
828 654 852 692 I
868 668 941 695 am.

283 724 311 762 2
330 722 438 762 Mine
452 727 492 762 to
508 725 618 763 chide
635 738 696 764 me
715 726 824 765 when
840 727 866 765 I
882 738 982 773 rove,

330 769 437 809 Mine
451 777 489 809 to
504 772 608 810 show
626 784 651 810 a
667 773 828 813 Savior's
845 773 940 821 love,

332 816 437 855 Mine
451 822 491 856 to
510 819 621 869 guide
638 831 704 869 my
723 821 868 870 willing
882 821 970 866 feet,

330 863 438 902 Mine
452 868 491 903 to
502 866 632 916 judge,
648 868 842 914 condemn,
858 868 996 918 acquit.

286 937 309 974 3
331 936 440 974 Mine
458 939 497 975 to
517 938 675 976 comfort
691 938 733 975 in
752 938 916 983 distress,

329 982 375 1021 If
388 984 455 1023 the
468 984 570 1033 Holy
581 984 699 1034 Spirit
713 985 834 1030 bless;

331 1030 438 1069 Mine
452 1034 493 1069 to
510 1032 624 1077 show,
641 1032 691 1080 by
709 1031 829 1081 living
845 1030 953 1076 faith,

332 1076 425 1115 Man
444 1089 515 1116 can
534 1079 702 1128 triumph
720 1089 809 1117 over
826 1078 949 1117 death.

286 1147 314 1186 4
333 1148 441 1187 Mine
458 1152 497 1187 to
516 1148 584 1187 tell
603 1148 647 1187 of
658 1148 746 1197 joys
760 1151 799 1186 to
815 1158 930 1194 come,

334 1195 423 1233 And
440 1196 506 1233 the
522 1196 626 1233 rebel
642 1195 805 1233 sinner's
821 1195 943 1234 doom.

335 1242 414 1281 Oh!
438 1243 531 1280 thou
545 1242 633 1291 holy
650 1242 753 1280 Book
770 1242 907 1287 divine,

334 1289 516 1329 Precious
531 1293 708 1334 treasure,
724 1289 817 1327 thou
836 1292 898 1326 art
912 1287 1033 1327 mine!

832 1345 925 1377 JOHN
933 1345 1076 1382 BURTON,
1085 1345 1163 1376 1805.

289 1429 379 1484 66

628 1447 742 1478 Give.
776 1448 816 1477 C.
833 1447 887 1478 M.

378 1533 441 1586 3

336 1675 432 1715 How
445 1677 619 1727 precious
634 1676 669 1715 is
683 1675 750 1714 the
762 1676 860 1714 book
875 1675 1013 1722 divine,

383 1723 442 1773 By
458 1723 681 1772 inspiration
695 1721 826 1773 given!

337 1769 473 1819 Bright
487 1782 530 1808 as
547 1781 572 1807 a
585 1770 687 1817 lamp
701 1772 751 1808 its
766 1769 956 1809 doctrines
970 1768 1090 1816 shine,

384 1817 439 1855 To
453 1816 568 1867 guide
587 1828 657 1855 our
670 1815 773 1856 souls
788 1819 827 1855 to
842 1816 995 1855 heaven.
