2681 2184
309 232 382 277 88

1008 231 1171 277 JOYS
1209 230 1387 276 THAT
1424 230 1656 276 AWAIT
1691 232 1802 276 ME.

364 295 476 325 Words
484 294 650 328 arranged.

918 295 982 326 His
991 296 1095 331 praise
1104 295 1190 325 shall
1199 295 1403 332 continually
1414 296 1454 325 be
1466 295 1501 325 in
1512 303 1569 331 my
1579 297 1780 326 mouth.--Ps.
1799 298 1852 328 34:
1867 297 1897 328 1.

2202 299 2241 329 R.
2255 300 2292 329 A.
2304 301 2432 330 GLENN.

445 328 643 357 Spirited.

417 489 452 525 1.
472 487 666 525 'Tissweet
679 493 718 524 to
761 489 884 525 reflect
927 500 975 524 on
999 490 1062 525 the
1066 489 1149 534 joys
1158 490 1240 524 that
1272 491 1403 524 a-wait
1421 499 1483 524 me
1517 488 1566 525 In
1612 489 1653 525 E
1685 490 1752 525 den
1797 490 1938 534 a-bove,
1940 491 2059 527 where
2071 491 2093 527 I
2110 491 2205 537 hope
2222 491 2245 527 I
2272 492 2369 528 shall
2378 500 2472 534 rest;

417 544 451 579 2.
463 544 581 580 There
590 556 636 580 an
646 564 662 572 -
668 545 725 589 gel
745 564 761 573 -
765 545 806 581 ic
834 544 984 589 legions,
988 545 1074 580 with
1083 544 1155 590 harps
1164 545 1238 580 tuned
1268 544 1482 590 ce-les-tial,
1494 545 1654 580 Har-mo
1666 565 1683 574 -
1687 546 1834 590 niously
1842 545 1920 591 join
1950 546 1990 582 in
2021 548 2086 583 the
2107 553 2270 583 con-cert
2300 549 2343 584 of
2362 551 2495 595 praise;

418 601 450 636 3.
460 600 563 636 Then
573 600 662 644 hail,
665 600 804 637 blessed
815 601 920 636 state!
930 600 1067 645 hail,ye
1075 609 1254 645 songsters
1270 601 1312 635 of
1327 600 1446 646 glo-ry
1458 602 1470 637 !
1491 600 1551 636 Ye
1573 601 1665 646 harp
1675 620 1690 630 -
1698 613 1755 637 ers
1785 603 1826 636 of
1833 602 1928 645 bliss,
1931 602 2024 639 Soon
2038 602 2101 638 I'll
2111 609 2206 639 meet
2215 614 2290 649 you
2307 616 2330 640 a
2344 625 2360 633 -
2374 605 2475 650 bove,

417 1088 553 1125 Where
560 1089 619 1134 glo
630 1106 647 1118 -
659 1090 694 1125 ri
703 1108 717 1116 -
728 1089 795 1125 fied
805 1090 944 1134 spir-its
955 1090 1043 1124 with
1055 1090 1101 1124 wel
1110 1108 1126 1117 -
1134 1100 1199 1124 come
1211 1090 1286 1124 will
1296 1094 1396 1134 greet
1406 1100 1476 1134 me,
1493 1090 1576 1125 And
1592 1089 1675 1125 lead
1700 1101 1759 1126 me
1788 1095 1826 1126 to
1840 1092 2025 1127 mansions
2036 1091 2207 1137 prepar'd
2220 1093 2277 1128 for
2291 1093 2354 1129 the
2368 1092 2474 1130 blest.

414 1143 494 1180 The
509 1146 635 1189 saints,
650 1155 690 1180 as
699 1145 785 1189 they
797 1144 893 1180 flock
905 1145 1000 1180 from
1009 1144 1072 1180 the
1082 1145 1266 1180 mansions
1277 1146 1484 1189 terrestrial,
1507 1144 1555 1181 In
1587 1145 1678 1182 loud
1690 1145 1998 1192 hal-le-lu-jahs
1768 1165 1782 1174 -
2010 1147 2109 1183 their
2116 1149 2256 1183 voic-es
2269 1148 2346 1183 will
2363 1149 2466 1185 raise.

414 1200 502 1236 And
524 1201 608 1246 join
620 1210 716 1245 your
725 1201 795 1236 full
802 1201 905 1236 choir
912 1202 952 1235 in
965 1200 1206 1246 re-hears-ing
1224 1201 1287 1236 the
1303 1206 1359 1237 sto
1375 1218 1388 1227 -
1402 1212 1458 1247 ry,
1483 1201 1682 1238 Redeem'd
1692 1202 1786 1237 from
1794 1202 1848 1237 all
1856 1202 1915 1237 sin
1925 1202 2023 1238 thro'
2034 1204 2096 1239 the
2109 1203 2196 1238 dear
2204 1204 2364 1239 Savior's

2374 1204 2497 1241 blood.

439 1541 653 1569 CHORUS.

457 1726 573 1771 Glory
586 1726 680 1761 hal-1
740 1726 873 1772 lu-jah!
884 1727 984 1762 there
995 1726 1086 1762 we'll
1094 1725 1178 1770 sing
1189 1726 1252 1762 the
1263 1733 1373 1771 story,
1378 1726 1496 1762 When
1506 1725 1569 1762 the
1577 1726 1641 1771 King
1682 1727 1724 1761 of
1735 1725 1883 1772 beau-ty
1900 1737 1952 1763 we
1988 1726 2137 1764 be-hold

2279 1728 2339 1763 the

2351 1728 2491 1765 throne.
