2298 2839
837 254 1228 302 37.-SICILY.

1275 266 1327 306 8s,
1344 273 1385 308 7s
1398 264 1433 301 &
1445 273 1499 307 4s.

1857 274 1990 303 Italian.

394 303 531 331 THOMAS
543 303 663 330 KELLY.

417 493 445 515 I.
473 483 516 514 In
553 483 629 521 Thy
659 489 765 518 name,

880 478 979 516 Lord,
999 485 1038 508 as
1055 492 1071 500 -
1092 476 1262 516 sembling,
1315 476 1391 515 We,
1406 475 1482 514 Thy
1505 484 1569 514 peo

1723 484 1799 507 now
1817 477 1908 507 draw
1920 486 2018 514 near;

455 896 565 926 Teach
577 904 617 926 us
678 898 716 925 to
765 903 802 925 re
832 910 848 918 -
877 894 958 931 joice
995 892 1074 923 with
1084 892 1258 932 trembling
1266 902 1277 930 ;
1296 892 1412 931 Speak,
1422 892 1488 923 and
1506 892 1554 924 let
1605 892 1680 930 Thy
1720 894 1864 923 servants
1883 891 1975 924 hear :

455 934 547 964 Hear
563 934 643 964 with
655 933 833 971 meekness,
879 932 969 962 Hear
999 932 1078 961 with
1089 932 1264 969 meeknsss,
1312 932 1403 962 Hear
1415 930 1486 968 Thy
1497 931 1585 962 word
1604 931 1684 961 with
1705 931 1771 967 god
1781 945 1796 953 -
1812 929 1846 968 ly
1886 929 1965 960 fear.

340 1221 362 1244 2
381 1214 491 1245 While
503 1222 564 1245 our
575 1214 655 1252 days
668 1222 712 1244 on
725 1213 816 1244 earth
828 1220 883 1243 are
895 1210 1100 1250 lengthened,

1221 1219 1243 1249 3

1260 1210 1378 1247 There,
1392 1211 1427 1241 in
1441 1211 1579 1250 worship
1590 1220 1697 1250 purer,
1711 1214 1854 1248 sweeter,

418 1253 492 1289 May
505 1261 554 1282 we
566 1253 639 1290 give
653 1252 752 1288 them,
768 1251 867 1287 Lord,
881 1253 917 1280 to
929 1249 1042 1286 Thee;

1299 1249 1353 1279 All
1366 1249 1440 1287 Thy
1452 1250 1567 1289 people
1580 1251 1664 1280 shall
1677 1250 1786 1287 adore,

381 1290 527 1322 Cheered
539 1291 581 1327 by
594 1291 689 1329 hope,
704 1290 770 1320 and
782 1289 869 1326 daily
879 1286 1119 1326 strengthened,

1260 1286 1399 1326 Tasting
1411 1288 1449 1318 of
1457 1287 1645 1327 enjoyment
1658 1291 1785 1326 greater

416 1328 481 1359 We
493 1328 600 1359 would
612 1337 684 1365 run,
698 1336 761 1358 nor
771 1335 876 1366 weary
888 1327 939 1364 be,

1299 1325 1396 1356 Than
1408 1326 1486 1362 they
1496 1326 1593 1357 could
1604 1325 1755 1357 conceive
1767 1324 1931 1363 before,-

495 1366 561 1396 Till
573 1366 649 1404 Thy
660 1367 763 1405 glory,

1376 1363 1450 1394 Full
1461 1365 1698 1402 enjoyment,-

416 1404 568 1436 Without
579 1405 700 1442 clouds,
714 1405 751 1434 in
763 1403 888 1434 heaven
902 1411 951 1433 we
963 1411 1025 1433 see.

1300 1400 1385 1440 Full,
1398 1401 1562 1439 unmixed,
1576 1402 1644 1432 and
1657 1408 1831 1432 evermore.

743 1500 1348 1553 38.-TAMWORTH.

1397 1513 1448 1553 8s,
1465 1520 1508 1554 7S
1519 1511 1554 1547 &
1563 1519 1615 1554 4s.

1809 1520 1991 1552 LOCKHART.

509 1773 540 1804 O
550 1772 648 1803 Thou
656 1770 731 1802 God
739 1771 777 1802 of
784 1779 839 1809 my
857 1770 1064 1807 sal-va-tion,
1080 1770 1135 1807 My
1148 1769 1326 1800 Redeemer
1332 1769 1417 1800 from
1425 1769 1470 1800 all
1493 1768 1555 1807 sin,

401 1802 434 1825 I.

1621 1785 1642 1821 I
1648 1788 1713 1819 will
1723 1787 1828 1827 praise
1838 1788 1939 1827 Thee,
1949 1789 1967 1819 I
1974 1789 2041 1821 will

477 1812 584 1842 Mov'd
595 1811 637 1847 by
644 1811 719 1847 Thy
727 1809 835 1840 divine
845 1808 1056 1847 compassion,
1060 1808 1148 1838 Who
1155 1808 1214 1838 has
1222 1807 1295 1838 died
1302 1816 1356 1845 my
1363 1808 1456 1838 heart
1463 1811 1498 1838 to
1506 1809 1581 1844 win,

489 1850 572 1879 Tho'
583 1856 714 1885 unseen,
736 1847 755 1877 I
766 1848 838 1878 love
847 1848 903 1877 the
912 1846 1059 1878 Saviour
1057 1856 1064 1876 :
1076 1846 1129 1876 He
1136 1846 1216 1876 hath
1224 1846 1307 1876 bro't
1314 1846 1472 1877 salvation
1482 1853 1580 1882 near;

398 1878 434 1901 2.

1620 1864 1702 1896 Soul
1707 1864 1773 1895 and
1782 1863 1889 1904 bod-y,
1899 1864 1978 1897 Soul
1984 1865 2050 1897 and

479 1889 555 1918 Man
563 1903 578 1910 -
588 1887 693 1918 i-fests
705 1886 757 1916 his
766 1885 937 1925 pard'ning
945 1885 1059 1923 fa-vor,
1071 1884 1146 1915 And
1154 1885 1248 1915 when
1254 1885 1350 1921 Jesus
1358 1885 1439 1915 doth
1448 1892 1579 1925 appear,

1689 2136 1720 2167 3.

1396 2200 1507 2233 While
1518 2201 1575 2232 the
1586 2200 1683 2241 angel
1694 2200 1801 2232 choirs
1812 2209 1868 2231 are
1881 2199 1999 2240 crying,

1436 2248 1537 2287 Glory
1548 2252 1585 2279 to
1596 2248 1652 2279 the
1663 2251 1755 2288 great
1769 2247 1786 2277 I
1798 2246 1870 2277 AM
1876 2248 1887 2278 !

455 2297 564 2337 paaise
572 2296 663 2328 Thee
672 2306 682 2333 ;
690 2296 811 2327 Where
819 2296 885 2327 will
902 2295 921 2326 I
930 2295 1004 2334 Thy
1010 2294 1114 2334 praise
1121 2294 1162 2324 be
1169 2309 1184 2317 -
1194 2296 1261 2332 gin.

1397 2295 1417 2326 I
1428 2295 1506 2326 with
1520 2298 1608 2327 them
1620 2295 1685 2326 will
1695 2295 1768 2326 still
1774 2295 1816 2326 be
1828 2294 1936 2334 vying,

480 2335 545 2367 bod

569 2350 585 2359 -
607 2343 630 2372 y
684 2336 777 2364 Shall
789 2335 853 2365 His
877 2334 1017 2374 glorious
1026 2334 1071 2363 im
1083 2348 1099 2356 -
1109 2341 1171 2372 age
1189 2333 1274 2364 bear.

1437 2341 1537 2380 Glory
1546 2343 1557 2374 !
1573 2342 1667 2381 glory
1678 2345 1714 2373 to
1726 2342 1783 2373 the
1794 2341 1902 2373 Lamb
1912 2342 1923 2373 !

1515 2388 1546 2420 O
1558 2388 1633 2419 how
1645 2388 1790 2428 precious

1437 2435 1472 2466 Is
1483 2436 1539 2466 the
1551 2434 1656 2466 sound
1668 2435 1706 2465 of
1714 2434 1818 2472 Jesus'
1830 2441 1928 2465 name

1152 2582 1208 2623 32
