1443 2042
292 236 349 281 82

545 247 715 283 SACRED
733 248 966 285 MELODIES.

293 322 384 356 Fear
392 324 468 360 not,
478 324 500 355 I
508 329 571 355 am
581 324 670 356 with
681 323 775 362 thee,
785 325 814 356 O
824 325 869 355 be
876 326 944 357 not
955 324 1150 363 dismayed,

292 357 364 388 For
370 358 394 389 I
402 362 465 388 am
473 357 542 394 thy
552 357 641 393 God,
651 358 727 389 and
735 359 812 390 will
822 359 898 390 still
908 359 992 395 give
1000 359 1085 391 thee
1093 358 1165 395 aid;

292 390 352 421 I'll
361 389 571 428 strengthen
580 391 675 428 thee,
685 390 771 429 help
780 392 875 429 thee,
888 392 965 424 and
973 397 1080 424 cause
1088 392 1174 425 thee
1182 393 1222 424 to

357 424 476 460 stand,

291 456 434 494 Upheld
443 457 492 495 by
501 463 567 494 my
575 456 767 496 righteous,
778 458 1008 496 omnipotent
1015 457 1125 491 hand.

291 523 408 555 When
420 523 575 561 through
585 524 650 555 the
658 525 747 561 deep
758 526 886 557 waters
900 525 924 557 I
933 525 1003 557 call
1013 524 1097 558 thee
1111 526 1151 557 to
1164 533 1222 564 go,

289 557 367 588 The
373 558 488 589 rivers
497 558 540 589 of
544 564 601 588 WO
610 558 706 589 shall
716 560 784 589 not
791 558 877 590 thee
886 559 1062 593 overflow;

290 590 363 622 For
370 591 392 622 I
401 591 476 621 will
488 591 532 622 be
542 591 633 622 with
642 592 737 628 thee,
746 592 814 628 thy
825 591 986 624 troubles
994 592 1035 623 to
1048 591 1154 631 bless,

290 623 375 655 And
384 623 539 662 sanctify
549 624 590 656 to
598 624 683 657 thee
691 625 759 662 thy
774 624 918 662 deepest
931 625 1088 658 distress.

289 690 406 722 When
419 690 574 728 through
584 691 675 728 fiery
684 692 788 722 trials
796 692 865 728 thy
875 693 963 729 path
964 698 1045 729 way
1053 692 1150 725 shall
1160 693 1220 729 lie,

290 724 354 761 My
363 730 477 762 grace,
487 724 737 762 all-sufficient,
747 725 842 756 shall
853 726 899 756 be
907 725 976 762 thy
985 725 1129 764 supply;

287 757 364 789 The
372 758 500 789 flames
509 760 604 789 shall
614 760 682 789 not
689 759 779 789 hurt
787 759 882 794 thee,
892 760 913 790 I
925 760 1015 795 only
1023 760 1160 797 design,

287 791 367 827 Thy
377 791 479 822 dross
486 792 525 823 to
535 797 715 828 consume,
724 792 801 824 and
809 793 881 829 thy
886 793 972 830 gold
979 793 1019 824 to
1028 793 1152 825 refine.

287 858 390 890 Even
403 857 509 888 down
519 859 559 889 to
568 858 630 889 old
639 864 716 896 age,
725 859 777 889 all
787 865 851 895 my
861 859 989 895 people
996 859 1091 890 shall
1099 865 1219 898 prove,

288 892 352 928 My
365 892 564 928 sovereign,
575 892 725 928 eternal,
735 892 1001 929 unchangeable
1010 893 1103 929 love;

287 925 372 956 And
385 926 490 955 when
502 925 614 961 hoary
627 926 724 955 hairs
731 928 826 956 shall
832 927 928 956 their
935 927 1086 962 temples
1094 927 1219 964 adorn,

287 958 380 990 Like
388 959 507 990 lambs
514 959 609 990 shall
614 959 703 996 they
709 959 785 990 still
792 959 833 990 in
840 965 905 995 my
912 958 1037 990 bosom
1047 959 1092 990 be
1096 959 1219 991 borne.

284 1025 361 1057 The
369 1025 450 1057 soul
461 1024 544 1057 that
552 1032 602 1056 on
610 1025 717 1057 Jesus
726 1025 814 1057 doth
824 1025 909 1057 lean
917 1027 972 1057 for
980 1032 1116 1065 repose,

286 1059 307 1089 I
316 1059 393 1090 will
401 1060 479 1096 not,
488 1060 510 1089 I
520 1059 595 1090 will
606 1061 674 1090 not
681 1060 801 1091 desert
809 1060 849 1090 to
858 1060 919 1091 his
931 1059 1016 1097 foes;

284 1093 380 1124 That
388 1093 479 1129 soul,
489 1093 566 1123 tho'
576 1093 627 1123 all
638 1092 712 1123 hell
720 1093 849 1123 should
860 1093 1039 1124 endeavor
1045 1096 1085 1124 to
1090 1093 1216 1130 shake,

284 1126 346 1158 I'll
356 1131 476 1163 never,
487 1132 537 1157 no
545 1132 664 1162 never,
675 1132 725 1157 no
734 1133 845 1157 never
853 1127 1004 1158 forsake.

287 1222 353 1271 71.

586 1226 630 1278 8,
644 1229 688 1281 7,
705 1227 748 1281 8,
765 1226 808 1279 7,
824 1227 869 1281 4,
884 1227 928 1272 7.

287 1289 434 1337 Guide
450 1304 535 1346 me,
553 1291 592 1337 O
610 1290 718 1337 thou
734 1298 862 1347 great
881 1290 1092 1346 Jehovah,

339 1345 521 1400 Pilgrim
539 1345 729 1400 through
747 1345 837 1391 this
853 1346 1012 1391 barren
1027 1345 1148 1400 land;

284 1396 314 1444 I
328 1410 398 1447 am
415 1397 551 1454 weak,
569 1399 652 1444 but
668 1398 777 1444 thou
793 1405 865 1445 art
880 1398 1062 1456 mighty,

338 1451 459 1497 Hold
475 1465 547 1497 me
562 1452 668 1498 with
684 1452 766 1508 thy
782 1453 993 1508 powerful
1009 1451 1142 1508 hand;

444 1504 592 1551 Bread
601 1505 654 1552 of
671 1506 854 1561 heaven,

337 1558 458 1605 Feed
472 1573 543 1605 me
560 1561 629 1605 till
645 1560 675 1606 I
690 1567 809 1606 want
818 1574 878 1606 no
893 1573 1026 1606 more.

288 1648 427 1704 Open,
445 1647 578 1702 Lord,
596 1647 674 1694 the
692 1648 852 1703 crystal
876 1647 1094 1702 fountain,

337 1702 532 1747 Whence
549 1703 628 1747 the
642 1702 823 1758 healing
838 1709 994 1748 waters
1010 1702 1122 1757 flow;

279 1754 367 1802 Let
382 1756 460 1801 the
474 1756 600 1812 fiery,
617 1755 774 1811 cloudy
799 1755 946 1812 pillar,
