2011 3098
421 355 512 402 314

734 363 894 400 FAITH
916 363 984 400 OF
1004 363 1105 400 OUR
1126 361 1375 400 FATHERS.

1033 503 1080 553 2.

539 589 638 636 Our
656 588 855 646 Fathers,
877 587 1067 636 chained
1089 590 1136 634 in
1156 589 1335 647 prisons
1354 587 1482 644 dark,

597 659 737 703 Were
755 656 847 702 still
869 657 915 700 in
937 656 1065 702 heart
1085 655 1173 702 and
1194 655 1453 702 conscience
1471 654 1585 702 free:

537 724 654 769 How
675 729 808 769 sweet
828 721 978 769 would
998 722 1055 768 be
1075 722 1193 768 their
1212 721 1449 769 children's
1468 722 1569 777 fate,

595 790 645 835 If
667 790 790 848 they,
810 788 906 834 like
926 789 1062 845 them,
1083 786 1217 836 could
1237 787 1312 834 die
1331 788 1401 834 for
1419 788 1525 834 thee
1537 788 1551 834 !

535 855 667 903 Faith
690 855 742 901 of
765 870 849 902 our
870 855 1069 903 Fathers
1066 856 1081 901 !
1111 855 1234 914 Holy
1254 855 1386 901 Faith
1399 855 1412 901 !

538 923 629 970 We
648 922 741 968 will
762 923 818 968 be
840 930 942 968 true
961 930 1008 967 to
1024 922 1128 968 thee
1147 921 1219 967 till
1238 920 1388 968 death.

1034 1057 1076 1101 3.

536 1139 672 1186 Faith
690 1140 744 1186 of
767 1153 852 1185 our
871 1138 1058 1186 Fathers
1071 1140 1084 1186 !
1113 1138 1279 1199 Mary's
1298 1152 1483 1199 prayers

594 1205 721 1253 Shall
743 1207 832 1252 win
853 1220 938 1252 our
958 1214 1150 1265 country
1170 1205 1287 1252 back
1307 1214 1355 1251 to
1375 1205 1503 1263 thee;

537 1272 645 1319 And
667 1272 863 1332 through
884 1273 962 1318 the
980 1272 1105 1319 truth
1127 1273 1227 1319 that
1244 1286 1392 1318 comes
1411 1272 1526 1317 from
1549 1270 1651 1317 God

594 1337 799 1399 England
819 1338 935 1385 shall
957 1339 1064 1385 then
1086 1337 1247 1384 indeed
1268 1338 1325 1384 be
1344 1337 1451 1385 free.

535 1405 668 1451 Faith
689 1406 741 1451 of
764 1417 847 1451 our
865 1404 1078 1452 Fathers!
1108 1403 1231 1463 Holy
1250 1404 1382 1451 Faith
1392 1404 1407 1451 !

537 1472 628 1519 We
648 1472 742 1518 will
761 1472 819 1518 be
837 1479 937 1518 true
956 1480 1004 1517 to
1023 1472 1128 1517 thee
1148 1472 1218 1517 till
1238 1471 1389 1519 death.

1032 1607 1075 1652 4.

535 1689 669 1736 Faith
690 1690 742 1735 of
765 1704 850 1735 our
870 1688 1071 1737 Fathers
1069 1691 1081 1736 !
1112 1704 1179 1735 we
1199 1688 1292 1735 will
1312 1688 1417 1735 love

594 1755 715 1802 Both
736 1755 882 1804 friend
903 1756 993 1803 and
1015 1757 1085 1802 foe
1104 1757 1151 1802 in
1174 1756 1235 1802 all
1255 1770 1343 1801 our
1360 1755 1508 1802 strife :

538 1822 647 1868 And
669 1822 831 1882 preach
852 1823 955 1868 thee
974 1830 1063 1880 too,
1085 1837 1134 1868 as
1153 1822 1257 1868 love
1277 1822 1436 1868 knows
1457 1822 1558 1867 how

593 1889 666 1949 By
688 1888 848 1948 kindly
871 1889 1020 1935 words
1037 1889 1125 1935 and
1147 1890 1352 1935 virtuous
1372 1888 1470 1934 life :

535 1956 668 2002 Faith
689 1957 742 2001 of
765 1970 848 2002 our
866 1955 1069 2003 Fathers
1064 1956 1079 2002 !
1110 1955 1232 2013 Holy
1256 1955 1387 2002 Faith
1399 1956 1414 2002 !

539 2022 627 2070 We
648 2022 739 2069 will
759 2022 816 2069 be
834 2031 936 2069 true
955 2031 1003 2070 to
1021 2023 1125 2069 thee
1145 2022 1216 2068 till
1236 2022 1383 2069 death.
