2129 3260
300 200 407 256 No.
447 200 580 256 155.
672 200 896 269 JESUS,
932 200 1206 269 SAVIOR,
1244 202 1442 260 PILOT
1474 203 1591 260 ME.

1646 280 1678 310 J.
1695 281 1732 310 E.
1749 278 1879 313 GOULD.

365 276 514 307 EDWARD
529 277 675 308 HOPPER.

1829 314 1925 343 FINE.

364 447 396 482 1.
418 448 460 483 Je
481 466 498 476 -
517 457 588 490 sus,
616 449 683 485 Sav
702 467 719 477 -
740 449 800 491 ior,

859 450 897 493 pi
915 469 931 478 -
950 450 1003 485 lot
1045 460 1099 485 me
1187 450 1215 486 o
1235 469 1251 480 -
1271 461 1332 486 ver
1375 450 1464 487 life's
1485 453 1555 487 tem
1568 469 1585 480 -
1598 453 1678 494 pest
1690 469 1706 480 -
1718 459 1802 487 uous
1816 449 1890 486 sea!

362 492 395 527 2.
420 493 468 527 As
534 503 557 528 a
598 493 691 528 moth
712 508 730 518 -
749 503 789 528 er

864 494 953 530 stills
964 495 1024 529 her
1038 494 1127 530 child
1159 495 1250 531 Thou
1262 497 1359 532 canst
1371 495 1454 531 hush
1490 496 1550 531 the
1617 505 1639 531 o
1659 513 1675 524 -
1697 504 1781 531 cean
1808 494 1899 536 wild;

363 536 396 572 3.
419 536 525 572 When
535 539 574 574 at
602 537 671 573 last

749 537 769 572 I

855 539 956 574 reach
967 539 1026 575 the
1036 539 1145 581 shore,
1168 540 1244 575 And
1265 540 1323 574 the
1367 540 1445 575 fear
1465 558 1482 568 -
1494 540 1548 574 ful
1570 539 1675 576 break
1685 558 1701 568 -
1714 548 1771 575 ers
1818 549 1898 574 roar

294 714 334 750 D.
349 715 385 751 C.
387 730 430 741 -
432 713 544 751 Chart
554 714 628 750 and
637 721 795 760 compass
808 723 901 751 come
905 715 1006 760 from
1025 714 1123 759 Thee,
1160 714 1206 751 Je
1226 734 1242 742 -
1262 725 1331 759 sus,
1354 715 1427 753 Sav
1447 734 1464 744 -
1484 718 1551 760 ior,
1587 718 1634 761 pi
1652 733 1669 744 -
1690 716 1739 752 lot

1796 715 1866 751 me!

296 759 337 795 D.
349 759 384 795 C.
436 757 644 795 Won-drous
652 758 833 803 Sov-reign
841 760 882 803 of
930 760 989 795 the
1038 769 1106 801 sea,
1159 759 1206 796 Je
1225 778 1241 787 -
1263 769 1331 802 sus,
1357 760 1431 797 Sav
1451 778 1468 788 -
1489 769 1554 800 ior,
1591 763 1637 805 pi
1656 773 1675 789 -
1693 760 1742 796 lot
1797 759 1867 795 me!

295 804 337 840 D.
348 804 385 840 C.
425 802 518 848 -May
534 801 563 838 I
593 803 681 839 hear
703 802 792 839 Thee
819 813 884 848 say
937 807 973 839 to
1029 814 1096 840 me:
1123 802 1241 841 "Fear
1261 806 1332 847 not,
1371 804 1403 841 I
1475 803 1551 840 will
1592 804 1636 850 pi
1656 822 1673 833 -
1694 804 1741 840 lot
1781 802 1889 841 thee!"

1837 845 1919 877 D.C.

385 1011 439 1047 Un
451 1029 466 1039 -
479 1011 599 1047 known
609 1020 719 1047 waves
741 1012 783 1045 be
796 1029 812 1038 -
824 1011 900 1047 fore
943 1021 997 1046 me
1038 1010 1113 1053 roll,
1158 1012 1223 1047 Hid
1235 1031 1251 1041 -
1263 1013 1323 1056 ing
1344 1012 1428 1048 rock
1465 1012 1530 1047 and
1547 1011 1763 1049 treach-'rous
1778 1010 1887 1052 shoal;

385 1055 461 1090 Bois

469 1073 485 1083 -
495 1056 598 1091 t'rous
610 1064 719 1091 waves
756 1065 777 1090 o
797 1072 813 1083 -
834 1056 896 1098 bey
933 1055 1003 1098 Thy
1038 1056 1116 1097 will,
1146 1057 1250 1092 When
1262 1057 1352 1092 Thou
1364 1058 1458 1099 sayst
1501 1059 1539 1091 to
1553 1056 1657 1098 them,
1673 1054 1740 1091 "Be
1776 1055 1878 1091 still!"

384 1099 502 1135 'Twixt

537 1110 591 1134 me
605 1100 671 1134 and
728 1101 788 1135 the
808 1109 912 1145 peace
922 1117 939 1128 -
947 1100 1001 1134 ful
1043 1102 1126 1140 rest,
1147 1100 1247 1142 Then,
1262 1101 1359 1136 while
1371 1101 1447 1136 lean
1459 1118 1477 1128 -
1489 1101 1548 1144 ing
1588 1110 1631 1135 on
1667 1100 1737 1143 Thy
1767 1100 1894 1142 breast,

296 1304 405 1359 No.
441 1302 566 1358 156.
636 1302 740 1357 MY
774 1302 982 1358 FAITH
1017 1302 1241 1359 LOOKS
1277 1303 1366 1358 UP
1401 1304 1486 1359 TO
1523 1304 1716 1359 THEE.

362 1368 441 1398 RAY
454 1370 604 1399 PALMER.

1038 1367 1204 1405 Olivet.)

1586 1369 1725 1399 LOWELL
1740 1370 1871 1399 MASON.

343 1517 376 1553 1.
399 1519 454 1559 My
474 1516 565 1553 faith
576 1517 670 1553 looks
679 1528 724 1560 up
733 1520 771 1553 to
782 1518 879 1559 Thee,
893 1518 985 1553 Thou
995 1517 1098 1553 Lamb
1109 1518 1148 1553 of
1155 1517 1335 1562 Cal-va-ry,
1345 1518 1475 1554 Sav-ior
1518 1517 1656 1559 di-vine;
1676 1518 1759 1553 Now
1770 1517 1853 1552 hear
1863 1527 1916 1552 me

339 1562 372 1597 2.
395 1563 472 1604 May
482 1562 550 1605 Thy
561 1562 635 1597 rich
645 1571 747 1606 giace
757 1563 880 1605 impart
890 1559 1004 1604 Strength
1014 1563 1041 1595 to
1051 1569 1093 1603 my
1102 1560 1206 1605 fainting
1214 1562 1321 1603 heart,
1336 1564 1391 1604 My
1404 1562 1477 1598 zeal
1519 1562 1674 1607 in-spire;
1685 1563 1732 1597 As
1743 1562 1834 1597 Thou
1846 1562 1925 1597 hast

340 1607 372 1642 3.
395 1604 473 1640 While
483 1606 571 1642 life's
582 1607 665 1642 dark
675 1616 767 1641 maze
777 1607 795 1640 I
804 1604 881 1644 tread,
891 1604 943 1639 And
952 1604 1025 1649 griefs
1032 1604 1122 1640 around
1131 1616 1184 1641 me
1194 1607 1324 1650 spread,
1333 1607 1379 1641 Be
1389 1608 1479 1642 Thou
1488 1617 1544 1649 my
1552 1606 1671 1647 Guide;
1681 1607 1742 1641 Bid
1753 1607 1929 1642 dark-ness

361 1890 460 1927 while
493 1890 512 1925 I
525 1899 618 1935 pray,
628 1891 719 1927 Take
737 1890 783 1926 all
796 1900 850 1933 my
864 1890 951 1934 guilt
964 1899 1081 1933 a-way,
1126 1890 1154 1925 o

1197 1889 1248 1925 let
1257 1900 1310 1924 me
1321 1890 1409 1925 from
1419 1890 1488 1926 this
1499 1890 1563 1933 day
1573 1891 1621 1926 Be
1631 1890 1719 1925 whol
1728 1910 1744 1918 -
1753 1890 1789 1932 ly
1804 1888 1922 1925 Thine!

363 1935 438 1971 died
467 1935 523 1972 for
538 1944 604 1975 me;
648 1935 676 1970 0
713 1944 788 1977 may
798 1945 851 1977 my
867 1936 940 1970 love
950 1939 987 1969 to
998 1935 1085 1970 Thee
1105 1934 1203 1976 Pure,
1212 1942 1293 1973 warm,
1300 1933 1348 1968 and
1356 1935 1551 1979 changeless
1560 1935 1613 1975 be,
1626 1935 1658 1969 A
1669 1934 1786 1978 liv-ing
1810 1932 1885 1968 fire!

363 1983 443 2016 turn
479 1982 517 2015 to
532 1980 606 2023 day,
622 1980 717 2023 Wipe
727 1980 879 2016 sorrow's
890 1982 984 2014 tears
996 1988 1100 2023 away,
1110 1980 1181 2013 Nor
1202 1980 1252 2014 let
1265 1990 1319 2014 me
1353 1989 1395 2014 ev
1402 1997 1418 2006 -
1428 1990 1466 2013 er
1480 1982 1576 2022 stray
1589 1979 1687 2014 From
1699 1979 1787 2013 Thee
1800 1978 1900 2013 aside.

298 2151 405 2206 No.
443 2150 565 2205 157.
638 2150 665 2203 I
702 2149 878 2203 LOVE
914 2148 1053 2202 THY
1088 2146 1431 2212 KINGDOM,
1468 2148 1670 2204 LORD.

362 2216 521 2247 TIMOTHY
537 2215 690 2246 DWIGHT.

909 2213 983 2250 (St.
1001 2213 1175 2246 Thomas.
1209 2212 1246 2245 S.
1264 2212 1337 2250 M.)

1604 2213 1644 2244 G.
1658 2213 1697 2244 F.
1714 2214 1874 2245 HANDEL.

342 2399 373 2433 1.
395 2399 413 2432 I

470 2398 545 2433 love
567 2397 637 2439 Thy
652 2395 831 2440 king-dom,
842 2396 943 2438 Lord,
958 2396 1025 2431 The
1034 2396 1137 2431 house
1151 2395 1190 2430 of
1203 2396 1306 2431 Thine
1320 2406 1342 2430 a
1351 2414 1367 2424 -
1377 2395 1473 2438 bode,
1486 2397 1555 2431 The
1566 2395 1696 2431 Church
1708 2405 1769 2431 our
1780 2395 1868 2430 blest
1879 2397 1941 2430 Re-

340 2442 373 2478 2.
395 2443 413 2477 I

470 2443 545 2477 love

559 2442 627 2484 Thy

639 2440 780 2482 Church,

791 2440 819 2476 0

834 2440 920 2483 God;

955 2441 1026 2475 Her

1039 2440 1133 2475 walls

1143 2440 1274 2475 be-fore

1285 2440 1371 2474 Thee

1382 2441 1493 2480 stand,

1503 2441 1594 2475 Dear

1609 2450 1647 2475 as

1686 2441 1744 2475 the

1781 2450 1825 2481 ap

1835 2457 1851 2467 -

1860 2441 1916 2483 ple

1212 2630 1234 2664 3
1256 2629 1388 2673 Beyond
1402 2639 1457 2672 my
1470 2628 1607 2672 highest
1619 2630 1679 2673 joy

1255 2674 1274 2707 I
1286 2675 1374 2717 prize
1389 2673 1450 2709 her
1463 2674 1624 2717 heavenly
1639 2684 1741 2717 ways,

1214 2718 1284 2753 Her
1297 2720 1401 2754 sweet
1416 2719 1631 2759 communion,
1647 2720 1774 2754 solemn
1788 2728 1890 2761 vows,

342 2778 486 2812 deem-er
493 2776 595 2812 saved
606 2776 698 2810 With
710 2775 769 2810 His
780 2785 853 2810 own
863 2775 1015 2818 precious
1026 2773 1134 2809 blood.

1258 2762 1326 2797 Her
1339 2763 1458 2806 hymns
1473 2763 1512 2798 of
1525 2762 1600 2798 love
1615 2763 1681 2798 and
1696 2765 1816 2807 praise.

386 2823 425 2857 of
434 2821 536 2856 Thine
547 2830 619 2864 eye,
632 2820 706 2855 And
717 2827 856 2864 grav-en
871 2829 913 2854 on
927 2818 998 2860 Thy
1011 2818 1107 2854 hand.

1212 2819 1237 2853 4
1256 2818 1338 2853 Sure
1353 2828 1391 2853 as
1406 2818 1476 2860 Thy
1489 2817 1586 2853 truth
1599 2817 1687 2853 shall
1704 2817 1784 2860 last,

1257 2863 1304 2897 To
1316 2862 1395 2897 Zion
1408 2862 1496 2897 shall
1512 2863 1553 2897 be
1567 2863 1677 2906 given,

1215 2907 1282 2941 The
1297 2906 1463 2950 brightest
1478 2907 1602 2951 glories
1614 2907 1713 2942 earth
1727 2917 1792 2942 can
1804 2906 1906 2952 yield,

1260 2951 1334 2985 And
1349 2950 1500 2995 brighter
1515 2950 1597 2986 bliss
1611 2951 1651 2986 of
1664 2951 1801 2988 heaven.
