2691 2309
929 306 1138 357 CLOSER
1164 306 1325 356 THAN
1353 306 1395 356 A
1423 306 1697 356 BROTHER.

2307 308 2395 359 149

356 360 471 389 GRACE
481 359 607 388 GLENN.

2163 360 2194 390 J.
2205 360 2246 389 H.
2260 360 2293 390 F.

335 579 366 613 1.

390 577 434 613 Je
446 595 461 602 -
471 587 542 619 sus,
564 577 717 621 Sav-ior,
737 577 825 611 thou
842 582 899 611 art
915 586 997 611 near
1013 594 1026 602 -
1042 587 1080 610 er

1124 576 1228 610 Than
1252 587 1296 611 an
1312 576 1467 620 earth-ly
1486 576 1602 611 friend
1615 587 1680 611 can
1692 576 1742 620 be,

1833 577 1906 611 For
1923 577 2011 611 with
2020 579 2199 622 heavenly
2217 579 2351 613 vis-ion

334 634 365 668 2.
390 632 437 668 Of
466 644 533 667 our
547 632 712 676 gladness
734 632 804 667 and
829 643 895 667 our
909 643 966 666 sor
1018 642 1089 666 row
1120 631 1224 666 Thou
1243 632 1304 666 the
1320 631 1442 666 fullest
1453 631 1579 676 depths
1593 637 1692 667 canst
1703 631 1820 676 know,
1830 632 1958 667 Feeble
1975 633 2087 668 words
2105 643 2156 669 we
2173 633 2264 669 need
2280 639 2344 669 not

334 690 365 724 3.
390 689 531 732 Clos-er,
556 689 638 724 clos
660 699 697 722 er
719 688 808 722 than
831 698 854 721 a
875 686 979 722 broth
995 706 1010 715 -
1031 697 1080 731 er,
1120 687 1283 723 What-so
1299 707 1315 715 -
1327 688 1399 723 e'er
1421 693 1458 723 to
1504 698 1548 723 us
1605 687 1747 733 be-tide,

1832 688 1920 733 May
1938 699 1988 723 we
2004 689 2091 724 wish
2107 694 2145 724 to
2172 689 2258 725 seek
2288 700 2337 725 no

1536 969 1767 996 REFRAIN.

356 1174 454 1209 clear
485 1194 499 1202 -
524 1185 572 1216 er,
618 1174 722 1209 Thou
739 1185 805 1210 our
820 1175 859 1210 in
881 1194 897 1202 -
931 1182 1025 1210 most
1067 1176 1190 1211 hearts
1215 1186 1285 1211 can
1309 1186 1376 1211 see.

355 1229 421 1264 bor
504 1240 588 1272 row,
621 1230 781 1275 Tell-ing
802 1231 884 1266 thee
939 1242 1008 1266 our

1082 1233 1148 1276 joy

1215 1242 1258 1267 or

1302 1242 1387 1268 woe.

1499 1231 1603 1277 Save,
1649 1231 1707 1276 oh,

1767 1242 1850 1267 save
1873 1242 1917 1266 us
1946 1232 2037 1266 from
2060 1230 2111 1266 all
2144 1230 2200 1275 ill,

355 1287 420 1321 oth

523 1297 572 1329 er,
619 1286 714 1321 Well
731 1291 889 1322 con-tent
934 1287 1022 1322 with
1083 1287 1165 1322 thee
1219 1291 1256 1323 to
1294 1286 1398 1323 'bide.

335 1782 438 1818 With
454 1784 519 1826 thy
534 1783 616 1818 love
632 1794 700 1818 our
719 1784 859 1827 spir-its

902 1783 967 1821 fill

1046 1783 1168 1820 Closer
1188 1785 1278 1819 than
1288 1787 1422 1819 earth's
1432 1786 1557 1820 closest
1569 1785 1697 1828 friend,
1723 1783 1775 1819 Be
1791 1785 1880 1819 thou
1896 1784 1984 1819 with
2003 1793 2047 1818 us
2064 1788 2102 1818 to
2118 1783 2181 1817 the
2214 1782 2295 1817 end.
