2304 2756
331 360 376 395 56

620 360 733 396 THE
764 358 1035 398 COMMAND
1066 361 1179 397 AND
1212 362 1325 397 THE
1360 362 1643 401 PROMISES.

307 427 333 448 "
329 428 422 462 And
442 429 542 463 Jesus
564 439 659 463 came
682 430 757 463 and
780 430 883 472 spake
906 433 993 465 unto
1015 431 1117 472 them,

1195 431 1294 466 'And
1306 433 1366 466 the
1377 433 1468 467 idols
1478 434 1524 467 he
1534 434 1624 468 shall
1631 435 1761 476 utterly
1768 435 1911 469 abolish.
1947 436 1992 468 In

268 469 402 509 saying,
415 469 477 502 All
485 478 600 510 power
610 473 641 502 is
652 470 754 510 given
764 472 849 503 unto
863 478 918 502 me
932 472 974 503 in
991 469 1120 504 heaven

1143 472 1222 504 that
1234 472 1300 512 day
1313 482 1335 505 a
1351 482 1433 506 man
1452 474 1542 506 shall
1561 477 1635 507 cast
1652 474 1708 506 his
1726 474 1815 507 idols
1831 475 1868 506 of
1888 474 1994 508 silver

268 507 342 540 and
350 513 391 539 in
401 508 512 541 earth.
553 508 604 541 Go
614 518 658 549 ye
668 508 846 550 therefore,
859 508 933 541 and
949 509 1050 542 teach
1068 510 1120 541 all

1144 511 1212 543 and
1224 511 1314 551 gold,
1330 512 1441 545 which
1453 513 1537 553 they
1550 513 1651 546 made
1665 513 1748 546 each
1761 522 1826 546 one
1838 513 1893 546 for
1904 513 1993 545 him-

268 546 408 580 nations
432 548 469 579 to
493 547 628 581 observe
652 548 706 580 all
728 548 845 588 things
868 546 1073 582 whatsoever
1095 548 1121 580 I

1145 550 1211 581 self
1237 554 1275 582 to
1299 551 1460 592 worship,
1486 554 1523 583 to
1547 552 1610 584 the
1636 552 1745 585 moles
1770 552 1839 585 and
1863 554 1901 584 to
1932 552 1994 584 the

268 583 356 618 have
368 584 592 621 commanded
601 595 680 627 you.

1145 586 1360 623 bats."-Isa.
1375 597 1416 622 II.
1429 591 1541 630 18,20.

312 633 432 676 "And,
442 635 496 670 lo !
515 637 538 670 I
547 644 605 669 am
622 637 707 670 with
716 646 786 677 you
802 637 922 679 alway,
936 647 1022 671 even
1033 639 1118 670 unto

268 674 330 707 the
341 675 411 708 end
420 676 458 707 of
463 676 525 709 the
532 676 649 709 world.
688 675 986 711 Amen."-MATT.
996 684 1118 709 XXVIII.

1188 647 1288 690 "Say
1313 658 1437 692 among
1463 650 1520 683 the
1545 649 1692 684 heathen
1715 651 1793 684 that
1817 651 1875 684 the
1900 651 1995 684 Lord

269 712 383 754 18,20.

1143 689 1321 729 reigneth;
1341 689 1399 722 the
1410 689 1519 722 world
1533 690 1606 722 also
1624 689 1718 722 shall
1735 690 1774 722 be
1792 689 1995 724 established

1144 728 1221 760 that
1232 728 1264 761 it
1273 728 1368 761 shall
1377 730 1438 760 not
1450 728 1490 760 be
1500 727 1625 762 moved
1661 729 1703 760 he
1714 728 1807 761 shall
1812 729 1920 770 judge
1938 729 1995 761 the

309 762 476 800 "Preach
484 764 542 797 the
551 765 668 804 word;
686 765 726 798 be
735 764 871 799 instant
876 768 917 798 in
924 773 1050 805 season,
1059 768 1120 798 out

1141 768 1260 810 people
1279 766 1555 809 righteously."-
1682 775 1772 800 XCVI.
1791 769 1840 800 10.

269 803 314 841 of
332 811 469 841 season;
496 810 645 845 reprove,
665 804 801 844 rebuke,
827 804 948 838 exhort
964 805 1050 837 with
1068 805 1122 837 all

267 841 552 885 long-suffering."
631 842 711 877 TIM.
720 849 768 877 IV.
778 846 810 876 2.

1197 835 1286 868 'For
1299 835 1360 868 the
1372 833 1465 867 Lord
1477 834 1509 866 is
1528 836 1633 875 great,
1653 833 1723 867 and
1741 832 1875 875 greatly
1895 836 1933 865 to
1952 833 1997 867 be

330 890 393 924 'Ye
415 891 507 925 shall
527 892 572 925 be
590 892 770 926 witnesses
789 894 875 926 unto
894 901 953 926 me
974 892 1059 925 both
1081 893 1119 924 in

1146 876 1283 915 praised
1321 875 1366 906 he
1378 874 1410 905 is
1422 876 1460 905 to
1471 873 1514 905 be
1525 873 1641 906 feared
1652 873 1759 906 above
1774 873 1822 905 all
1841 872 1995 913 gods."-

269 928 472 971 Jerusalem,
484 931 554 964 and
564 931 603 963 in
616 930 664 964 all
674 930 798 973 Judea,
810 932 879 964 and
896 933 935 964 in
956 931 1119 972 Samaria,

1145 915 1264 946 PSALM
1276 921 1366 945 XCVI.
1379 915 1409 944 4.

269 969 340 1002 and
350 972 437 1002 unto
447 971 510 1002 the
522 970 705 1004 uttermost
717 973 813 1011 parts
826 971 863 1003 of
876 971 937 1003 the
950 971 1110 1003 earth."-

269 1008 365 1041 ACTS
375 1016 401 1040 I.
412 1008 447 1042 8.

1222 975 1296 1008 The
1319 974 1431 1014 Spirit
1458 974 1499 1012 of
1524 974 1581 1006 the
1610 973 1704 1006 Lord
1737 973 1813 1006 God
1842 973 1874 1006 is
1904 983 1999 1014 upon

1145 1024 1200 1051 me
1242 1014 1381 1046 because
1402 1014 1459 1045 the
1478 1012 1574 1045 Lord
1594 1012 1681 1044 hath
1703 1012 1868 1045 anointed
1888 1022 1942 1044 me
1961 1014 1997 1044 to

334 1057 403 1097 Go,
417 1059 524 1092 stand
534 1058 608 1091 and
617 1059 722 1098 speak
733 1060 775 1092 in
792 1059 850 1092 the
868 1060 994 1100 temple
1010 1062 1046 1092 to
1065 1060 1123 1091 the

1145 1054 1273 1094 preach
1289 1053 1377 1092 good
1394 1052 1525 1092 tidings
1545 1053 1630 1084 unto
1646 1051 1704 1083 the
1721 1051 1819 1085 meek
1823 1062 1838 1088 ;
1858 1052 1900 1083 he
1911 1050 1997 1083 hath

267 1097 389 1139 people
398 1097 453 1129 all
463 1097 521 1130 the
528 1098 640 1131 words
651 1099 694 1138 of
701 1098 771 1132 this
780 1097 1012 1140 life."-ACTS
1028 1106 1061 1131 V.
1072 1099 1121 1131 20.

1147 1095 1222 1125 sent
1245 1100 1300 1123 me
1325 1093 1360 1123 to
1384 1089 1470 1122 bind
1493 1098 1540 1129 up
1567 1090 1624 1122 the
1646 1088 1936 1129 broken-hearted,
1962 1091 1997 1122 to

335 1144 487 1187 Behold,
497 1147 521 1180 I
532 1147 611 1188 give
623 1151 708 1181 unto
719 1157 789 1188 you
800 1157 915 1189 power
921 1151 958 1181 to
967 1149 1066 1182 tread
1078 1158 1122 1180 on

1146 1130 1316 1172 proclaim
1323 1128 1446 1169 liberty
1460 1130 1495 1160 to
1509 1129 1565 1160 the
1575 1128 1734 1168 captives,
1748 1128 1820 1161 and
1832 1128 1888 1161 the
1900 1136 1998 1168 open-

270 1188 426 1225 serpents
438 1186 507 1218 and
519 1187 707 1228 scorpions,
719 1187 787 1220 and
796 1196 878 1220 over
889 1188 936 1219 all
942 1188 1004 1220 the
1011 1196 1123 1228 power

1148 1174 1209 1209 ing
1222 1169 1263 1208 of
1278 1168 1337 1200 the
1346 1171 1466 1208 prison
1482 1170 1518 1199 to
1531 1167 1624 1199 them
1642 1167 1720 1199 that
1733 1175 1793 1199 are
1811 1163 1972 1205 bound,"

271 1224 310 1257 of
337 1225 400 1257 the
424 1232 565 1265 enemy;
596 1226 667 1258 and
690 1226 838 1266 nothing
861 1226 953 1259 shall
977 1227 1023 1266 by
1056 1235 1123 1267 any

1146 1210 1218 1241 ISA.
1229 1214 1303 1240 LXI.
1315 1209 1345 1240 1.

269 1271 391 1296 means
402 1263 488 1296 hurt
497 1267 599 1304 you."
637 1264 738 1297 LUKE
752 1275 787 1297 X.
798 1267 849 1297 19.

1190 1271 1253 1303 " A
1263 1270 1357 1304 little
1369 1279 1435 1303 one
1447 1269 1538 1302 shall
1548 1269 1688 1302 become
1701 1279 1723 1301 a
1734 1267 1917 1308 thousand,
1930 1268 1999 1302 and

336 1309 485 1345 Declare
496 1310 552 1343 his
561 1311 661 1352 glory
673 1318 800 1353 among
817 1313 875 1344 the
892 1311 1049 1353 heathen,
1069 1312 1125 1344 his

1150 1322 1172 1343 a
1183 1312 1284 1343 small
1297 1319 1362 1343 one
1374 1320 1396 1342 a
1407 1313 1527 1349 strong
1533 1309 1672 1346 nation;
1698 1308 1720 1339 I
1736 1309 1798 1340 the
1815 1307 1910 1340 Lord
1927 1307 1999 1340 will

270 1350 424 1383 wonders
436 1359 560 1391 among
574 1351 626 1382 all
632 1350 958 1392 people." - PSALM
956 1360 1047 1384 XCVI.
1060 1354 1091 1384 3.

1150 1351 1274 1382 hasten
1286 1350 1317 1381 it
1327 1350 1366 1381 in
1379 1348 1436 1381 his
1449 1347 1674 1380 time." -Isa.
1686 1354 1744 1379 LX.
1756 1347 1805 1378 22.

895 1434 1044 1470 HOLD
1075 1435 1188 1469 THE
1218 1435 1373 1469 FORT.

270 1492 338 1527 No.
354 1492 412 1526 62.

798 1493 887 1523 That
894 1493 998 1523 which
1008 1502 1048 1530 ye
1056 1492 1135 1522 have
1146 1493 1223 1523 hold
1227 1493 1298 1529 fast
1307 1493 1364 1523 till
1373 1494 1393 1521 I
1399 1493 1510 1522 come."

310 1537 332 1569 1
350 1536 424 1569 Ho!
445 1546 507 1577 my
519 1538 694 1573 comrades
703 1547 760 1570 see
771 1538 832 1572 the
844 1539 957 1580 signal

1187 1541 1209 1571 2
1227 1539 1292 1572 See
1303 1540 1365 1571 the
1377 1538 1526 1579 glorious
1537 1537 1669 1570 banner
1680 1536 1826 1577 waving,

390 1575 535 1616 Waving
546 1577 586 1608 in
596 1576 659 1610 the
671 1577 745 1618 sky,

1264 1578 1359 1610 Hear
1369 1579 1431 1610 the
1443 1577 1545 1616 bugle
1557 1576 1661 1612 blow;

350 1613 648 1649 Reinforcements
657 1624 736 1648 now
749 1617 941 1660 appearing,

1224 1618 1270 1649 In
1283 1625 1346 1649 our
1356 1616 1502 1649 leader's
1513 1623 1615 1647 name
1627 1615 1717 1647 we'll
1729 1612 1884 1653 triumph

388 1653 530 1695 Victory
540 1655 574 1687 is
584 1654 679 1695 nigh.

1266 1656 1356 1688 Over
1367 1663 1470 1695 every
1482 1653 1728 1687 foe.--Chorus.

285 1700 426 1737 Chorus.
493 1703 589 1736 Hold
600 1704 663 1736 the
674 1703 743 1737 fort
754 1704 808 1736 for
818 1705 842 1735 I
851 1713 908 1737 am
922 1705 1087 1746 coming,"

1188 1707 1209 1737 3
1228 1705 1347 1738 Fierce
1360 1704 1428 1737 and
1440 1704 1522 1744 long
1533 1703 1594 1736 the
1606 1702 1714 1736 battle
1725 1710 1825 1743 rages

505 1743 607 1775 Jesus
619 1743 747 1783 signals
760 1743 845 1782 still,

1264 1744 1337 1775 But
1349 1752 1411 1776 our
1422 1743 1504 1783 help
1516 1744 1549 1775 is
1561 1748 1655 1780 near,

466 1781 574 1814 Wave
586 1782 647 1814 the
659 1791 791 1815 answer
802 1782 888 1815 back
899 1784 937 1814 to
954 1782 1099 1822 heaven,

1229 1783 1376 1815 Onward
1389 1789 1502 1815 comes
1516 1792 1578 1813 our
1590 1783 1686 1820 great
1699 1778 1928 1817 commander,

504 1819 560 1861 By
571 1820 649 1861 Thy
660 1829 760 1860 grace
772 1829 824 1854 we
836 1821 918 1854 will.

1268 1821 1388 1861 Cheer,
1401 1830 1462 1861 my
1474 1820 1660 1859 comrades,
1674 1817 1971 1851 cheer.-Chorus.

1739 1857 1781 1890 P.
1793 1856 1833 1889 P.
1844 1855 1962 1889 BLISS.

882 1956 1129 1991 WAITING
1153 1954 1421 1989 HARVEST.

454 2013 474 2029 "
477 2012 556 2047 Lift
562 2019 606 2048 up
613 2018 693 2046 your
701 2019 779 2047 eyes,
789 2011 856 2040 and
865 2010 937 2040 look
946 2017 988 2039 on
997 2009 1050 2038 the
1053 2009 1165 2044 fields;
1179 2008 1238 2043 for
1246 2007 1323 2042 they
1331 2014 1389 2038 are
1397 2007 1495 2037 white
1505 2008 1640 2044 already
1649 2009 1682 2037 to
1691 2006 1843 2040 harvest."

1675 2048 1776 2082 SILAS
1788 2048 1823 2083 J.
1836 2048 1934 2082 VAIL.

403 2239 435 2270 1.
462 2238 533 2278 Say

579 2248 625 2278 ye
647 2241 722 2279 not,

772 2240 800 2271 O

841 2239 1033 2272 Chris-tian

1066 2250 1211 2279 reap-er,

1263 2240 1356 2272 That

1386 2240 1448 2272 the

1459 2241 1557 2272 earth

1582 2249 1629 2272 no

1666 2240 1822 2274 har-vest

1846 2240 1963 2281 yields

363 2356 385 2391 D
