1294 2266
409 234 588 268 FUTURE
611 235 759 266 STATE.

960 223 1034 262 171

213 310 326 346 What
337 309 429 346 after
441 308 548 345 death
565 310 620 344 for
633 319 692 343 me
705 305 881 344 remains?

214 353 381 392 Celestial
396 354 478 398 joys
493 364 533 388 or
547 351 683 389 hellish
696 351 811 398 pains,

258 399 312 434 To
326 398 378 433 all
393 396 556 442 eternity
553 398 562 433 !

213 465 238 498 2
259 463 317 499 No
331 472 432 498 room
445 462 502 497 for
515 461 628 497 mirth
642 472 683 496 or
697 459 834 505 trifling
847 459 944 504 here,

213 507 289 543 For
301 505 454 551 worldly
469 506 563 551 hope
577 516 618 541 or
632 503 783 550 worldly
797 506 883 548 fear,

260 551 300 586 If
315 551 381 586 life
394 561 433 586 SO
446 561 534 586 soon
548 550 580 585 is
593 559 701 595 gone;

214 594 256 630 If
271 605 350 630 now
365 595 427 630 the
442 594 562 639 Judge
576 595 607 628 is
621 597 660 628 at
672 594 735 628 the
748 591 848 636 door,

214 637 301 676 And
315 638 366 674 all
380 636 553 674 mankind
569 640 664 672 must
677 635 781 672 stand
796 635 915 672 before

258 683 326 719 Th'
342 679 551 719 inexorable
565 681 707 718 throne!

214 751 238 785 3
259 748 422 795 Nothing
436 750 469 784 is
483 748 597 785 worth
610 759 634 784 a
647 746 801 792 thought
813 744 974 790 beneath,

215 794 288 830 But
301 794 382 830 how
395 793 419 829 I
431 804 515 838 may
529 802 653 838 escape
667 792 729 827 the
743 790 851 827 death

259 839 354 874 That
366 847 485 882 never,
501 847 612 872 never
625 836 716 872 dies!

214 882 310 919 How
323 882 429 917 make
442 883 540 916 mine
554 891 633 916 own
647 879 799 917 election
811 889 902 922 sure,

214 925 300 963 And
314 926 418 962 when
431 925 455 961 I
467 925 532 960 fail
547 936 594 960 on
609 923 720 968 earth,
736 933 857 959 secure

260 971 296 1007 A
311 969 473 1006 mansion
487 969 527 1004 in
541 969 603 1004 the
616 969 723 1004 skies.

214 1039 240 1072 4
259 1037 376 1080 Jesus,
391 1033 581 1074 vouchsafe
594 1046 617 1070 a
630 1033 773 1080 pitying
787 1044 862 1078 ray,

214 1082 267 1117 Be
281 1081 368 1116 thou
382 1091 444 1125 my
458 1078 575 1126 guide,
591 1078 636 1114 be
649 1079 737 1113 thou
752 1088 815 1121 my
830 1088 917 1122 way,

257 1125 311 1161 To
325 1124 482 1171 glorious
497 1122 704 1169 happiness!

214 1169 296 1205 Ah!
319 1168 421 1205 write
433 1168 496 1203 the
510 1167 648 1212 pardon
662 1177 709 1201 on
724 1177 785 1209 my
798 1164 917 1201 heart!

215 1212 302 1249 And
316 1211 529 1249 whensoe'er
543 1212 564 1247 I
579 1211 691 1247 hence
705 1210 840 1256 depart,

258 1258 329 1293 Let
341 1268 400 1292 me
413 1256 539 1302 depart
553 1255 594 1290 in
608 1255 731 1301 peace!

128 1334 249 1379 270

552 1331 601 1366 7s.

933 1326 1036 1375 (702)

435 1387 515 1424 Rev.
530 1387 595 1423 vii.
611 1388 731 1423 13-17.

216 1442 293 1521 W

299 1440 405 1476 HAT
418 1450 481 1475 are
494 1439 594 1475 these
608 1436 758 1483 arrayed
772 1437 812 1472 in
826 1435 943 1480 white,

321 1483 489 1530 Brighter
502 1484 590 1518 than
605 1483 667 1518 the
681 1480 844 1526 noonday
859 1491 944 1523 sun;

214 1529 401 1566 Foremost
414 1528 455 1563 of
470 1527 534 1563 the
547 1537 628 1562 sons
643 1526 684 1561 of
699 1525 804 1571 light,

260 1573 411 1610 Nearest
424 1572 486 1607 the
500 1569 635 1607 eternal
650 1569 799 1606 throne?

216 1617 331 1654 These
344 1628 407 1652 are
420 1616 507 1659 they
520 1615 599 1650 that
611 1614 697 1650 bore
710 1614 773 1649 the
788 1624 891 1657 cross,

261 1660 383 1706 Nobly
395 1661 451 1696 for
464 1660 560 1696 their
573 1659 710 1695 Master
724 1657 839 1701 stood;

216 1705 388 1743 Sufferers
403 1704 442 1739 in
456 1704 515 1739 his
529 1702 711 1750 righteous
724 1712 836 1746 cause,

259 1748 454 1787 Followers
468 1748 509 1783 of
525 1748 587 1783 the
601 1747 715 1793 dying
728 1746 821 1784 God.

216 1815 240 1849 2
260 1812 334 1848 Out
346 1811 388 1847 of
403 1813 505 1857 great
517 1810 662 1847 distress
675 1809 762 1854 they
776 1818 885 1853 came,

260 1855 417 1893 Washed
431 1856 527 1891 their
541 1855 642 1890 robes
655 1854 704 1897 by
718 1853 809 1889 faith
822 1853 936 1889 below

215 1901 264 1936 In
276 1901 339 1936 the
351 1898 459 1935 blood
474 1899 516 1934 of
530 1898 668 1945 yonder
680 1897 805 1941 Lamb,

262 1943 376 1982 Blood
390 1944 469 1979 that
481 1943 616 1979 washes
630 1943 739 1979 white
752 1953 791 1977 as
803 1950 917 1985 snow;
