2808 2307
1093 289 1368 336 PEORIA.
1425 290 1477 336 C.
1508 289 1584 335 M.

2366 291 2448 338 113

415 664 634 699 Heavenly
652 664 778 693 Dove.

1195 663 1338 692 Closer
1355 663 1492 693 Walk.

1901 666 2099 704 Morning
2116 666 2287 705 Prayer.

239 711 258 740 1
273 711 389 745 Come,
400 710 496 743 Holy
506 709 627 744 Spirit,
639 708 817 742 heavenly
828 708 935 743 Dove,

985 708 1003 736 1
1019 707 1084 742 Oh,
1095 708 1149 736 for
1159 714 1183 736 a
1193 707 1302 736 closer
1312 708 1410 737 walk
1422 708 1511 737 with
1524 708 1610 743 God,

1735 712 1754 740 1
1769 712 1870 746 Lord,
1892 713 1933 741 in
1964 713 2025 742 the
2050 714 2221 748 morning
2239 713 2329 742 thou
2355 712 2453 741 shalt

274 745 373 773 With
384 744 432 772 all
446 744 512 778 thy
526 742 733 777 quick'ning
746 747 896 776 powers;

1020 742 1053 769 A
1065 741 1157 769 calm
1170 741 1241 769 and
1253 740 1431 776 heavenly
1443 741 1573 772 frame!

1771 746 1832 779 My
1844 747 1944 774 voice
1957 747 2147 782 ascending
2160 746 2265 781 high;

2353 746 2452 781 [hear

241 778 373 805 Kindle
383 783 406 805 a
417 776 523 804 flame
534 776 573 804 of
579 776 698 804 sacred
708 775 790 803 love

987 775 1020 802 A
1030 773 1122 808 light
1132 775 1170 801 to
1180 773 1286 802 shine
1298 780 1396 808 upon
1408 775 1469 803 the
1480 775 1565 804 road

1735 777 1784 807 To
1795 778 1877 807 thee
1888 779 1963 807 will
1975 779 1995 808 I
2005 780 2117 808 direct
2127 786 2190 813 my
2204 786 2340 815 prayer,

273 811 318 839 In
330 811 427 839 these
438 810 515 838 cold
527 809 644 837 hearts
653 808 693 836 of
702 814 792 836 ours.

1018 807 1110 835 That
1120 806 1216 835 leads
1226 813 1286 836 me
1297 809 1335 835 to
1346 809 1410 837 the
1421 807 1550 837 Lamb!

1769 811 1819 840 To
1830 812 1911 841 thee
1921 812 1981 840 lift
1990 818 2041 847 up
2053 814 2152 842 mine
2164 819 2245 847 eye:

238 855 259 882 2
274 854 411 889 Father,
423 854 494 883 and
504 853 599 882 shall
611 861 664 882 we
675 860 757 882 ever
766 852 840 882 live

983 853 1003 880 2
1018 853 1091 881 The
1100 852 1237 882 dearest
1249 852 1323 882 idol
1334 853 1355 882 I
1364 853 1458 883 have
1467 854 1615 890 known,

1734 859 1755 887 2
1769 858 1827 892 Up
1839 860 1877 887 to
1888 858 1951 887 the
1963 858 2049 887 hills
2060 858 2178 888 where
2189 857 2305 887 Christ
2315 858 2345 886 is
2352 864 2444 893 gone

275 889 323 917 At
333 889 406 916 this
416 894 502 922 poor
511 887 623 922 dying
634 889 744 915 rate-

1021 886 1194 915 Whate'er
1205 886 1286 915 that
1296 886 1371 916 idol
1382 887 1436 922 be,

1769 893 1817 920 To
1829 892 1931 926 plead
1944 892 1998 920 for
2008 891 2058 920 all
2068 892 2127 920 his
2137 893 2269 920 saints:

240 921 309 950 Our
320 921 400 950 love
410 926 449 949 SO
460 921 562 955 faint,
572 926 612 949 SO
623 919 701 948 cold
711 921 749 948 to
760 919 852 955 thee,

985 919 1079 953 Help
1090 926 1149 948 me
1159 922 1197 947 to
1209 920 1284 948 tear
1295 920 1326 948 it
1336 920 1428 949 from
1439 920 1506 955 thy
1517 920 1655 955 throne,

1739 924 1952 960 Presenting,
1965 926 2004 953 at
2015 925 2077 954 the
2087 925 2246 954 Father's
2256 924 2394 959 throne,

274 955 357 983 And
368 954 469 983 thine
479 955 517 981 to
528 959 570 982 us
580 959 619 982 SO
629 954 747 988 great?

1019 952 1102 980 And
1115 953 1268 987 worship
1280 953 1367 987 only
1379 953 1470 983 thee.

1771 959 1841 987 Our
1850 964 1956 993 songs
1969 959 2041 986 and
2053 965 2119 987 our
2130 958 2351 993 complaints.

238 1000 258 1029 3
273 999 388 1031 Come,
400 998 495 1031 Holy
505 997 625 1032 Spirit,
639 997 810 1034 heavenly
823 999 931 1033 Dove,

982 998 1002 1027 3
1017 998 1063 1027 So
1075 998 1169 1027 shall
1180 1004 1244 1032 my
1253 999 1349 1027 walk
1362 999 1405 1028 be
1417 1000 1508 1029 close
1516 1000 1605 1029 with
1613 999 1699 1035 God,

1736 1000 1755 1029 3
1771 1000 1837 1035 Oh,
1849 1007 1936 1035 may
1948 1001 2014 1035 thy
2026 1000 2136 1035 Spirit
2146 1000 2252 1035 guide
2262 1006 2326 1034 my
2338 999 2408 1028 feet

274 1032 372 1060 With
383 1032 433 1060 all
444 1032 510 1065 thy
526 1032 730 1067 quick'ning
742 1038 894 1067 powers;

1019 1031 1118 1060 Calm
1130 1032 1201 1060 and
1213 1038 1336 1061 serene
1347 1039 1412 1066 my
1423 1032 1555 1066 frame;

1771 1034 1815 1062 In
1828 1040 1926 1068 ways
1938 1035 1978 1062 of
1985 1035 2259 1068 righteousness;

239 1066 353 1099 Come,
364 1065 450 1094 shed
462 1065 590 1093 abroad
601 1071 625 1092 a
634 1064 786 1094 Savior's
794 1065 887 1100 love,

984 1065 1029 1093 So
1042 1071 1146 1098 purer
1155 1065 1246 1099 light
1255 1065 1351 1094 shall
1363 1067 1469 1094 mark
1480 1067 1543 1095 the
1552 1066 1638 1095 road

1737 1066 1844 1095 Make
1856 1073 1962 1101 every
1975 1068 2064 1101 path
2075 1067 2114 1095 of
2121 1067 2210 1100 duty
2221 1066 2379 1101 straight,

272 1099 355 1128 And
366 1099 446 1127 that
454 1098 548 1126 shall
557 1097 685 1127 kindle
695 1104 787 1127 ours.

1017 1097 1109 1127 That
1119 1098 1216 1127 leads
1227 1105 1286 1127 me
1296 1100 1334 1127 to
1346 1099 1409 1127 the
1419 1099 1543 1128 Lamb.

1771 1100 1853 1129 And
1866 1101 1968 1136 plain
1979 1100 2097 1129 before
2107 1107 2171 1135 my
2182 1100 2273 1128 face!

1020 1194 1444 1241 CAMBRIDGE.
1505 1195 1556 1241 C.
1588 1195 1663 1241 M.

439 1561 521 1591 Not
536 1561 756 1591 Ashamed.

1130 1562 1356 1592 Abundant
1372 1563 1557 1594 Mercies.

1931 1563 2080 1600 Joyful
2095 1563 2252 1594 Sound.

238 1607 258 1635 1
272 1606 341 1634 I'm
353 1606 418 1634 not
427 1605 595 1635 ashamed
606 1608 644 1635 to
656 1613 736 1635 own
748 1613 811 1641 my
822 1606 924 1642 Lord,

986 1605 1001 1634 1
1022 1605 1137 1636 When
1149 1608 1199 1636 all
1211 1607 1279 1643 thy
1290 1609 1445 1643 mercies,
1457 1608 1515 1643 oh,
1526 1615 1591 1643 my
1603 1608 1688 1644 God,

1734 1609 1753 1637 1
1765 1608 1954 1638 Salvation
1988 1609 2046 1643 oh,
2057 1609 2119 1638 the
2127 1607 2244 1644 joyful
2255 1606 2382 1636 sound

273 1639 319 1667 Or
329 1641 366 1667 to
377 1639 507 1667 defend
518 1639 576 1668 his
586 1645 705 1670 cause:

1020 1639 1082 1674 My
1093 1641 1204 1675 rising
1214 1643 1293 1670 soul
1304 1648 1460 1676 surveys,

1769 1642 1879 1671 What
1889 1642 2050 1676 pleasure
2061 1644 2099 1671 to
2111 1648 2177 1671 our
2188 1643 2279 1670 ears!

240 1672 418 1701 Maintain
429 1672 491 1701 the
502 1674 615 1703 honor
626 1674 665 1702 of
672 1672 729 1702 his
739 1673 846 1708 word,

987 1673 1218 1708 Transported
1231 1675 1320 1704 with
1331 1676 1395 1704 the
1405 1676 1508 1709 view,
1518 1675 1588 1704 I'm
1599 1675 1669 1704 lost

1736 1676 1769 1704 A
1779 1677 1961 1709 sovereign
1974 1676 2072 1704 balm
2084 1676 2141 1704 for
2151 1682 2257 1710 every
2269 1675 2411 1708 wound,

273 1706 346 1734 The
356 1705 455 1740 glory
468 1706 508 1734 of
514 1706 572 1735 his
583 1712 685 1736 cross.

1020 1707 1066 1735 In
1080 1709 1234 1742 wonder,
1243 1708 1335 1743 love,
1348 1708 1419 1737 and
1430 1708 1561 1744 praise!

1770 1710 1802 1737 A
1814 1709 1945 1737 cordial
1958 1709 2011 1738 for
2021 1715 2086 1738 our
2097 1709 2198 1738 fears.

238 1750 260 1778 2
275 1750 373 1778 Firm
401 1756 440 1778 as
465 1750 525 1778 his
553 1750 684 1781 throne
709 1750 768 1779 his
801 1752 955 1785 promise

986 1750 1006 1778 2
1022 1750 1186 1786 Through
1202 1758 1308 1787 every
1319 1752 1439 1787 period
1451 1753 1491 1781 of
1498 1759 1562 1787 my
1573 1752 1635 1782 life

1734 1753 1755 1781 2
1769 1753 1955 1782 Salvation
1962 1754 1974 1782 !
1989 1752 2042 1782 let
2051 1753 2114 1782 the
2125 1753 2213 1782 echo
2225 1753 2275 1787 fly

276 1783 357 1811 And
369 1783 416 1811 he
426 1790 493 1812 can
506 1785 587 1813 well
598 1791 716 1813 secure

810 1785 953 1819 [stands,

1022 1784 1099 1818 Thy
1110 1785 1282 1820 goodness
1294 1786 1350 1814 I'll
1361 1792 1509 1821 pursue;

1768 1786 1843 1815 The
1846 1787 2012 1821 spacious
2023 1786 2134 1816 world
2146 1786 2294 1818 around,

242 1816 352 1844 What
363 1815 437 1844 I've
448 1818 653 1846 committed
665 1819 703 1846 to
715 1817 773 1846 his
783 1816 910 1852 hands,

990 1816 1071 1845 And
1084 1820 1176 1847 after
1185 1818 1303 1851 death.
1315 1819 1355 1847 in
1367 1820 1503 1848 distant
1512 1819 1648 1854 worlds,

1736 1819 1855 1849 While
1866 1820 1916 1848 all
1926 1820 1989 1849 the
2003 1821 2133 1849 armies
2144 1820 2183 1848 of
2191 1820 2253 1848 the
2264 1819 2333 1853 sky

275 1849 344 1877 Till
354 1850 416 1877 the
427 1849 578 1879 decisive
590 1851 691 1879 hour.

1023 1851 1096 1880 The
1107 1852 1266 1887 pleasing
1278 1851 1396 1881 theme
1408 1859 1537 1882 renew.

1771 1852 1938 1889 Conspire
1947 1855 1985 1882 to
1995 1854 2086 1882 raise
2097 1854 2159 1882 the
2169 1851 2293 1882 sound.

241 1893 260 1922 3
273 1893 371 1922 Then
400 1893 448 1922 he
477 1894 549 1922 will
579 1902 661 1923 own
690 1902 753 1929 my
773 1895 956 1924 worthless

988 1895 1008 1924 3
1023 1895 1187 1930 Through
1200 1895 1249 1924 all
1262 1896 1415 1931 eternity
1426 1898 1465 1925 to
1475 1896 1558 1926 thee

1736 1898 1755 1926 3
1770 1896 1965 1926 Salvation
1991 1897 2019 1926 o
2031 1896 2121 1926 thou
2132 1896 2296 1933 bleeding
2307 1895 2438 1926 Lamb!

278 1926 397 1955 Before
408 1927 465 1954 his
476 1927 633 1956 Father's
641 1928 724 1962 face,

836 1928 956 1963 [name

1026 1930 1057 1957 A
1068 1930 1219 1963 grateful
1230 1935 1319 1964 song
1329 1930 1386 1958 I'll
1397 1931 1504 1963 raise;

1770 1930 1820 1958 To
1831 1931 1913 1959 thee
1922 1930 1985 1959 the
1995 1931 2111 1964 praise
2123 1930 2283 1965 belongs;

244 1960 327 1988 And
338 1960 378 1987 in
391 1960 454 1988 the
464 1960 552 1990 New
562 1961 758 1990 Jerusalem

991 1961 1068 1995 But,
1081 1963 1127 1990 oh
1138 1963 1149 1991 !
1166 1963 1347 1997 eternity's
1357 1963 1416 1991 too
1427 1963 1528 1991 short

1736 1962 1918 1992 Salvation
1930 1963 2024 1992 shall
2035 1964 2168 1998 inspire
2180 1969 2245 1992 our
2255 1963 2384 1998 hearts,

277 1993 441 2028 Appoint
450 2000 515 2028 my
525 1995 604 2023 soul
615 2002 637 2023 a
648 1995 756 2030 place.

1023 1996 1072 2023 To
1084 1996 1177 2024 utter
1188 1995 1237 2023 all
1248 1996 1314 2029 thy
1325 1997 1449 2031 praise.

1772 1996 1855 2025 And
1866 1996 1974 2025 dwell
1985 2003 2082 2032 upon
2095 2003 2160 2025 our
2170 1998 2328 2032 tongues.

377 2107 400 2143 8
