2124 2964
901 277 1136 314 DUQUE.
1184 278 1324 315 M. L.

1588 364 1654 385 JOHN
1672 364 1778 384 HATTON.

858 1403 1026 1436 Alabanza
1039 1414 1062 1446 y
1077 1404 1186 1436 accion
1198 1404 1236 1435 de
1247 1405 1386 1446 gracias.

800 1505 816 1535 1
842 1503 969 1535 Cantad
985 1503 1113 1545 alegres
1129 1503 1161 1535 al
1176 1503 1288 1545 Señor,

841 1557 995 1589 Mortales
1011 1558 1106 1589 todos
1125 1568 1184 1597 por
1201 1558 1242 1589 do
1260 1558 1354 1597 quier
1362 1568 1371 1597 ;

798 1611 945 1644 Servidle
964 1613 1106 1652 siempre
1122 1621 1183 1642 con
1199 1620 1298 1650 amor,

842 1665 1045 1697 Obedecedle
1061 1674 1122 1697 con
1137 1665 1257 1705 placer.

799 1779 819 1809 2
843 1778 909 1810 Con
926 1778 1071 1819 gratitud
1088 1778 1224 1810 cancion
1239 1777 1333 1808 alzad

842 1832 884 1863 Al
901 1832 1040 1864 Creador
1058 1841 1120 1871 que
1137 1831 1168 1862 el
1184 1829 1236 1862 sér
1253 1840 1288 1862 os
1305 1828 1358 1862 dió
1370 1841 1380 1869 ;

797 1884 837 1917 El
855 1885 1000 1917 Nombre
1017 1887 1156 1926 augusto
1173 1883 1314 1915 venerad

841 1939 889 1971 De
905 1938 943 1969 El
961 1947 1023 1977 que
1040 1937 1113 1969 cual
1129 1936 1236 1968 Padre
1252 1945 1311 1967 nos
1329 1933 1413 1967 amó.

799 2056 817 2085 3
841 2054 885 2086 Su
901 2054 1021 2094 pueblo
1037 2063 1163 2085 somos:
1187 2051 1318 2084 salvará

843 2109 871 2139 A
887 2117 944 2138 sus
961 2108 1072 2147 ovejas
1089 2107 1119 2138 el
1134 2106 1254 2139 Pastor
1264 2118 1272 2145 ;

798 2161 953 2202 Ninguna
971 2161 1011 2192 de
1028 2161 1108 2192 ellas
1125 2158 1255 2197 faltará,

841 2215 875 2247 Si
890 2215 1007 2246 fueren
1022 2214 1113 2245 fieles
1129 2213 1160 2243 al
1176 2211 1287 2244 Señor.

796 2331 819 2362 4
839 2330 887 2361 De
909 2339 948 2361 su
973 2337 1123 2370 promesa
1140 2329 1170 2360 el
1189 2327 1256 2362 alto
1270 2328 1335 2359 don

840 2383 900 2414 Pío
919 2394 979 2415 nos
995 2382 1059 2422 dió,
1074 2392 1096 2422 y
1111 2380 1211 2413 sabrá
1227 2380 1376 2420 cumplir,

798 2439 831 2472 Si
847 2439 869 2471 á
883 2443 1019 2471 nuestra
1034 2449 1093 2470 vez
1109 2439 1138 2469 el
1157 2448 1292 2469 corazon

840 2493 886 2525 Le
902 2494 1014 2524 damos
1031 2501 1111 2533 puro
1128 2492 1224 2523 hasta
1241 2491 1270 2522 el
1285 2491 1393 2522 morir.

1298 2540 1441 2574 Copiado.

1107 2589 1126 2618 2
