2484 3389
391 249 511 293 (1204,
531 248 653 290 1205.)

1173 243 1356 278 DEATH.

439 318 680 360 NUNDA.
740 318 788 358 L.
815 316 881 357 M.
906 327 942 356 D.

501 554 587 582 How
598 553 674 581 vain
690 553 720 579 is

752 551 798 579 all

847 550 998 578 be-neath
1009 550 1063 577 the
1075 549 1161 578 skies
1171 550 1180 576 !
1192 549 1277 576 How
1286 549 1441 577 transient
1453 556 1492 577 ev
1530 556 1583 583 ery
1620 548 1751 581 earth-ly
1797 547 1876 576 bliss

1930 549 1958 576 2.
1971 548 2039 577 The
2051 551 2198 585 evening-

434 573 454 601 1

503 588 588 615 How
599 586 729 614 slender

752 584 797 613 all

838 584 892 612 the
907 583 1049 612 fond-est
1072 584 1134 611 ties

1190 583 1273 610 That
1284 581 1360 610 bind
1375 589 1415 610 us

1451 586 1484 610 to

1545 589 1568 609 a

1602 581 1702 609 world
1713 581 1775 609 like
1798 581 1869 609 this

1952 582 2021 611 The
2034 584 2199 620 withering

455 1010 558 1043 cloud,
570 1009 626 1038 the
636 1011 785 1043 morning
797 1008 884 1041 dew,

449 1051 552 1080 grass,
564 1043 618 1071 the
640 1042 748 1078 fading
759 1042 892 1076 flower,:
915 1041 958 1069 Of
967 1041 1086 1077 earthly
1097 1041 1196 1077 hopes
1207 1050 1264 1071 are
1275 1042 1429 1071 emblems
1445 1045 1557 1076 true,-
1636 1041 1724 1077 glory
1769 1040 1808 1068 of

1865 1048 1887 1069 a

1929 1041 2071 1076 pass-ing

2081 1041 2175 1070 hour.

1124 1298 1213 1320 FORD.

2045 1295 2162 1319 WATTS.

328 1307 473 1357 I204

590 1326 715 1355 Heaven
725 1326 809 1355 alone
819 1325 979 1362 unfading.

1270 1306 1412 1358 I205

1573 1323 1687 1352 Burial
1694 1323 1734 1359 of
1738 1323 1891 1352 Believers.

374 1375 480 1415 How
497 1376 587 1414 vain
603 1376 637 1414 is
655 1375 708 1414 all
726 1374 896 1414 beneath
914 1374 981 1413 the
998 1373 1116 1414 skies!

1318 1371 1479 1412 UNVAIL
1496 1372 1565 1422 thy
1584 1372 1729 1420 bosom,
1750 1370 1905 1409 faithful
1925 1371 2053 1410 tomb!

426 1427 532 1468 How
549 1429 738 1467 transient
757 1439 871 1477 every
891 1428 1042 1477 earthly
1061 1426 1169 1467 bliss!

1369 1424 1478 1464 Take
1495 1424 1572 1464 this
1588 1436 1672 1463 new
1691 1428 1863 1463 treasure
1883 1426 1927 1463 to
1946 1423 2016 1474 thy
2034 1426 2146 1472 trust,

374 1481 480 1521 How
497 1482 646 1521 slender
663 1481 717 1522 all
734 1482 802 1521 the
820 1481 977 1521 fondest
992 1481 1065 1520 ties

1320 1477 1414 1518 And
1430 1478 1520 1529 give
1536 1478 1643 1517 these
1662 1477 1798 1517 sacred
1815 1477 1927 1517 relics
1942 1487 2052 1516 room

425 1535 531 1574 That
548 1535 640 1574 bind
657 1547 702 1574 us
719 1537 763 1573 to
781 1547 807 1574 a
825 1534 945 1573 world
961 1533 1038 1573 like
1050 1533 1143 1573 this!

1370 1531 1428 1572 To
1445 1532 1536 1571 seek
1553 1543 1579 1570 a
1596 1531 1764 1571 slumber
1783 1531 1823 1569 in
1843 1530 1911 1570 the
1928 1530 2029 1570 dust.

320 1588 347 1626 2
372 1587 456 1627 The
474 1588 769 1640 evening-cloud,
791 1587 860 1626 the
877 1587 1158 1637 morning-dew,

1264 1587 1291 1624 2
1318 1585 1405 1624 Nor
1420 1585 1522 1635 pain,
1541 1596 1613 1624 nor
1630 1584 1738 1634 grief,
1760 1595 1832 1623 nor
1851 1584 2013 1623 anxious
2027 1583 2120 1632 fear,

425 1641 509 1682 The
527 1642 727 1691 withering
745 1652 866 1691 grass,
883 1641 950 1680 the
960 1639 1092 1690 fading
1110 1640 1250 1687 flower,

1371 1637 1521 1678 Invade
1539 1637 1609 1688 thy
1631 1637 1901 1685 bounds;-no
1920 1636 2059 1676 mortal
2078 1647 2178 1675 woes

376 1694 434 1734 Of
447 1695 595 1744 earthly
612 1695 731 1745 hopes
750 1706 816 1733 are
836 1694 1018 1733 emblems
1034 1695 1187 1741 true,-

1320 1690 1405 1731 Can
1419 1690 1535 1731 reach
1552 1691 1619 1730 the
1637 1690 1809 1741 peaceful
1828 1689 1975 1739 sleeper
1990 1688 2093 1737 here,

426 1747 509 1788 The
525 1749 637 1799 glory
654 1748 700 1787 of
712 1759 738 1787 a
755 1748 913 1799 passing
929 1746 1038 1786 hour.

1372 1743 1502 1784 While
1519 1744 1654 1795 angels
1671 1743 1802 1783 watch
1822 1743 1889 1782 the
1906 1742 1986 1782 soft
2000 1753 2146 1794 repose.

321 1814 346 1851 3
374 1811 468 1860 But,
488 1812 638 1863 though
657 1812 798 1851 earth's
815 1811 951 1851 fairest
975 1811 1159 1850 blossoms
1178 1809 1248 1859 die,

1266 1810 1291 1848 3
1318 1808 1373 1849 So
1389 1808 1505 1849 Jesus
1520 1808 1638 1859 slept;
1668 1806 1789 1848 God's
1807 1807 1927 1858 dying
1943 1805 2027 1847 Son
2088 1805 2200 1854 [bed!

430 1865 523 1905 And
541 1865 595 1904 all
613 1865 779 1904 beneath
798 1865 866 1904 the
885 1864 986 1903 skies
1003 1864 1036 1903 is
1053 1864 1152 1910 vain,

1372 1860 1517 1901 Passed
1524 1860 1690 1912 through
1697 1860 1762 1900 the
1770 1869 1890 1911 grave
1900 1861 1975 1899 and
1983 1859 2128 1899 blessed
2136 1860 2200 1898 the

373 1918 498 1958 There
515 1919 548 1957 is
564 1930 590 1957 a
605 1918 699 1957 land
717 1918 844 1957 whose
862 1917 1028 1957 confines
1043 1917 1093 1956 lie

1318 1914 1523 1963 Resthere,
1530 1914 1766 1956 blestsaint!-
1886 1913 1982 1952 from
1990 1912 2198 1961 histhrone,

427 1971 588 2021 Beyond
604 1972 672 2010 the
689 1971 805 2010 reach
823 1971 868 2010 of
880 1982 969 2010 care
986 1970 1063 2010 and
1079 1971 1180 2021 pain.

1372 1967 1634 2019 The morning
1643 1968 1773 2015 break,
1781 1969 1989 2017 andpierce
1997 1965 2199 2006 theshade.

321 2027 347 2064 4
373 2024 484 2063 Then
499 2025 556 2063 let
573 2025 641 2064 the
658 2024 758 2075 hope
777 2023 822 2063 of
829 2025 918 2074 joys
935 2026 977 2062 to
995 2034 1102 2063 come

1267 2024 1293 2061 4
1319 2021 1450 2060 Break
1467 2021 1565 2060 from
1584 2021 1642 2060 his
1659 2021 1810 2069 throne,
1829 2020 2037 2060 illustrious
2053 2020 2180 2059 morn!

427 2077 562 2128 Dispel
580 2089 650 2117 our
668 2089 787 2126 cares,
807 2078 885 2117 and
904 2077 1018 2116 chase
1036 2087 1106 2116 our
1123 2076 1240 2116 fears:

1376 2074 1539 2122 Attend,
1563 2072 1597 2113 o
1619 2073 1749 2114 earth!
1777 2073 1837 2112 his
1854 2074 2053 2123 sovereign
2073 2072 2199 2122 word;

372 2131 417 2171 If
432 2130 524 2172 God
541 2132 590 2171 be
610 2142 709 2179 ours,
730 2132 849 2170 we're
866 2130 1058 2181 traveling
1074 2129 1198 2177 home,

1321 2126 1487 2167 Restore
1503 2128 1574 2176 thy
1594 2129 1790 2177 trust;-a
1808 2126 1976 2176 glorious
1992 2126 2091 2165 form

427 2184 592 2236 Though
604 2185 759 2236 passing
773 2183 941 2235 through
955 2195 981 2222 a
995 2183 1080 2222 vale
1088 2183 1132 2221 of
1139 2184 1252 2222 tears.

1374 2179 1486 2220 Shall
1502 2180 1597 2220 then
1615 2181 1713 2219 arise
1730 2183 1773 2219 to
1791 2182 1894 2219 meet
1911 2180 1978 2219 the
1996 2178 2115 2219 Lord.

441 2265 759 2306 MERIBAH.
821 2262 873 2306 C.
898 2262 948 2304 P.
976 2265 1040 2304 M.

447 2478 475 2506 1.
492 2477 599 2506 When
614 2477 701 2511 thou,
713 2483 768 2511 my
778 2476 937 2511 righteous
947 2475 1057 2510 Judge,
1066 2474 1151 2503 shalt
1161 2480 1252 2502 come

1303 2473 1350 2500 To
1384 2473 1476 2508 bring
1497 2473 1550 2508 thy
1561 2472 1732 2501 ransomed
1742 2478 1802 2508 peo
1810 2485 1826 2494 -
1833 2472 1885 2507 ple

1931 2471 2036 2506 home,
2064 2471 2151 2500 Shall

493 2855 512 2883 I

558 2862 688 2889 a-mong
698 2853 784 2882 them
802 2852 908 2882 stand

952 2851 1039 2883 Shall
1049 2852 1128 2881 such
1139 2859 1160 2880 a
1171 2851 1339 2880 worthless
1349 2858 1451 2879 worm
1462 2858 1500 2880 as
1509 2850 1536 2884 I,

953 2886 1038 2915 Who
1049 2886 1231 2914 sometimes
1242 2892 1295 2913 am
1305 2885 1419 2913 a-fraid
1429 2888 1461 2912 to
1486 2885 1549 2917 die,

1628 2883 1676 2912 Be
1692 2883 1790 2912 found
1801 2887 1835 2912 at
1861 2883 1917 2919 thy
1959 2882 2042 2917 right
2057 2881 2165 2910 hand?

357 3127 423 3161 440
