2231 3357
683 226 714 277 I
736 225 888 278 LEFT
912 226 976 277 IT
1004 225 1119 277 ALL
1143 226 1307 277 WITH
1333 225 1519 279 JESUS.

1860 227 1918 277 99

357 312 434 342 Miss
449 312 559 342 ELLEN
575 313 617 342 H.
629 313 760 342 WILLIS.

1710 309 1852 347 English.

401 551 435 587 1.

457 550 479 586 I
537 550 606 586 left
648 550 681 586 it
717 551 769 586 all
784 550 873 587 with
890 550 1042 597 Je-sus,
948 570 962 579 -
1062 550 1168 597 Long
1196 560 1313 597 a-go;
1351 551 1415 587 All
1443 561 1506 595 my
1520 551 1595 587 sins
1617 549 1640 585 I
1653 549 1808 596 brought
1819 549 1920 596 Him,

401 607 436 642 2.
458 606 481 641 I
516 606 619 642 leave
648 606 681 641 it
717 606 768 641 all
784 605 873 641 with
890 605 937 641 Je
928 613 1038 651 - sus,
947 627 960 635 -
1062 605 1136 642 For
1147 605 1204 641 He
1215 604 1337 641 knows
1350 605 1444 642 How
1462 612 1500 642 to
1515 606 1604 642 steal
1621 606 1682 641 the
1711 605 1765 641 bit
1776 625 1791 633 -
1801 611 1856 641 ter

402 1103 486 1139 And
515 1114 577 1148 my
593 1114 684 1147 woe;
709 1102 825 1140 When
836 1102 882 1148 by
894 1102 989 1139 faith
1003 1103 1027 1140 I
1046 1114 1119 1139 saw
1135 1104 1226 1140 Him
1262 1104 1321 1142 On
1343 1105 1405 1141 the
1417 1109 1500 1149 tree,
1510 1103 1635 1140 Heard
1643 1101 1836 1149 Hissmall,
1844 1102 1922 1138 still

367 1158 476 1195 From
486 1158 579 1195 life's
587 1169 693 1204 woes;
709 1158 804 1195 How
824 1163 864 1195 to
883 1159 962 1205 gild
976 1159 1040 1196 the
1053 1159 1237 1207 tear-drop
1253 1158 1356 1196 With
1366 1159 1437 1196 His
1444 1159 1560 1206 smile,
1573 1158 1683 1196 Make
1694 1158 1756 1194 the
1768 1158 1883 1194 desert

403 1668 496 1704 whis
509 1686 524 1695 -
539 1679 613 1714 per,
644 1667 719 1704 'Tis
769 1668 827 1704 for
848 1668 947 1709 thee;
971 1667 1081 1705 From
1100 1680 1163 1715 my
1185 1668 1291 1705 heart
1306 1669 1366 1704 the
1388 1668 1457 1704 bur
1467 1688 1482 1697 -
1490 1669 1559 1704 den
1581 1667 1710 1704 Rolled
1729 1679 1751 1703 a
1761 1688 1776 1696 -
1783 1677 1909 1712 way-

403 1734 472 1770 gar
491 1743 508 1752 -
534 1723 607 1759 den
645 1723 774 1760 Bloom
791 1723 955 1766 a-while;
971 1722 1090 1760 When
1105 1735 1170 1770 my
1185 1724 1366 1762 weakness
1387 1724 1560 1761 lean-eth
1475 1744 1490 1752 -
1603 1724 1663 1760 On
1683 1723 1756 1759 His
1771 1723 1899 1769 might,

771 2006 877 2035 Cres.

1541 2005 1624 2032 Rit.

405 2192 493 2237 Hap
506 2211 521 2220 -
530 2203 580 2237 py
599 2191 670 2236 day
680 2192 694 2228 !
713 2191 823 2228 From
838 2202 902 2237 my
915 2192 1022 2229 heart
1035 2192 1098 2229 the
1111 2191 1250 2229 burden
1265 2191 1397 2228 Rolled
1414 2189 1724 2235 a-way-Happy
1764 2186 1834 2232 day
1846 2187 1858 2223 !

405 2247 469 2283 All
480 2258 593 2284 seems
603 2246 708 2294 light.
715 2246 833 2283 When
845 2258 907 2294 my
917 2247 1099 2285 weakness
1109 2247 1254 2284 leaneth
1269 2248 1327 2283 On
1347 2245 1419 2282 His
1432 2244 1561 2291 might,
1577 2244 1638 2280 All
1653 2254 1766 2279 seems
1779 2242 1885 2288 light.

380 2578 404 2613 3
425 2577 448 2612 I
460 2577 564 2613 leave
577 2577 610 2612 it
623 2576 677 2613 all
691 2576 780 2613 with
793 2576 901 2613 Jesus

1171 2577 1196 2612 4
1216 2575 1283 2616 Oh,
1299 2574 1401 2611 leave
1416 2575 1448 2611 it
1461 2575 1509 2610 all
1522 2572 1609 2609 with
1623 2571 1742 2616 Jesus,

471 2621 553 2665 Day
569 2621 617 2665 by
634 2621 724 2666 day;

1260 2620 1447 2666 Drooping
1461 2619 1560 2656 soul!

426 2664 536 2701 Faith
552 2676 620 2701 can
635 2666 757 2712 firmly
772 2670 867 2702 trust
880 2664 973 2701 Him

1216 2664 1295 2701 Tell
1311 2670 1374 2699 not
1388 2665 1462 2707 half
1471 2664 1534 2705 thy
1545 2667 1655 2707 story,

472 2710 581 2747 Come
594 2711 693 2746 what
705 2719 801 2752 may

1262 2708 1336 2744 But
1350 2708 1412 2743 the
1426 2708 1552 2744 whole.

423 2754 533 2799 Hope
546 2756 614 2791 has
628 2755 790 2800 dropped
804 2755 871 2790 her
884 2753 1029 2799 anchor,

1218 2752 1362 2789 Worlds
1377 2764 1424 2788 on
1438 2752 1570 2788 worlds
1584 2761 1645 2786 are
1658 2747 1820 2794 hanging

466 2799 599 2836 Found
615 2799 680 2835 her
693 2805 775 2843 rest,

1260 2797 1318 2833 On
1331 2797 1404 2833 His
1417 2796 1527 2841 hand,

424 2843 473 2880 In
487 2844 549 2879 the
563 2845 670 2886 calm,
684 2852 766 2880 sure
779 2843 898 2880 haven

1216 2841 1297 2877 Life
1313 2842 1385 2877 and
1400 2841 1509 2878 death
1525 2851 1586 2876 are
1599 2837 1749 2882 waiting

471 2888 521 2923 Of
533 2888 604 2924 His
617 2887 754 2926 breast;

1260 2886 1333 2921 His
1347 2886 1556 2929 command;

384 2932 409 2976 II:
424 2932 524 2969 Love
537 2938 686 2969 esteems
700 2933 731 2968 it
746 2932 882 2967 heaven

1173 2932 1197 2973 11:
1213 2932 1287 2967 Yet
1300 2931 1373 2967 His
1388 2931 1511 2966 tender
1524 2930 1646 2965 bosom

427 2977 480 3013 To
496 2976 698 3013 abide-At
712 2975 783 3012 His
795 2975 881 3012 side.

1215 2976 1345 3011 Makes
1358 2976 1428 3010 thee
1440 2972 1653 3017 room-Oh,
1666 2981 1765 3007 come
1776 2970 1908 3006 home.:
