3032 2308
314 197 439 253 134

970 198 1103 253 The
1136 200 1326 265 Fairy
1363 198 1723 266 Crowning.
1794 197 2172 253 Continued.

409 296 532 330 (Enter
542 296 600 325 six
614 297 757 329 Fairies,
768 297 867 326 three
878 299 917 325 at
932 297 1027 331 right
1043 296 1113 325 and
1131 297 1231 326 three
1247 299 1286 325 at
1300 296 1375 326 left.
1409 296 1580 332 Running
1596 296 1724 332 lightly
1737 297 1787 328 in,
1802 297 1887 331 they
1900 297 1989 325 form
2002 303 2023 325 a
2035 297 2242 326 semi-circle
2254 297 2373 333 facing
2383 297 2498 326 before
2510 296 2572 326 the
2585 297 2713 327 throne
2723 299 2763 326 in
2775 299 2837 328 the

354 331 482 359 center.
510 330 613 364 They
622 332 737 360 salute
751 330 814 359 the
832 330 953 365 Queen
966 337 1005 359 as
1023 331 1108 364 they
1120 333 1220 360 enter
1236 330 1282 365 by
1295 330 1435 366 bowing
1447 336 1533 365 very
1546 331 1625 360 low.
1658 330 1746 364 Play
1759 330 1835 359 first
1850 331 1963 359 strain
1974 330 2014 359 of
2048 330 2303 360 Introduction
2337 337 2376 359 as
2393 331 2454 360 the
2471 331 2604 359 Fairies
2620 333 2728 361 enter.
2764 333 2836 361 The

354 362 486 392 Fairies
498 363 624 392 should
636 365 714 398 step
726 364 803 393 four
813 364 918 393 times
928 364 981 392 for
988 364 1074 392 each
1086 370 1257 398 measure,
1268 364 1341 393 and
1352 364 1437 393 thus
1447 364 1538 398 keep
1550 365 1653 393 exact
1664 364 1774 399 time.)

593 421 825 451 Moderato.

445 946 624 980 QUEEN.
659 947 855 984 (Addressing
865 948 913 977 the
921 950 1041 978 extreme
1048 948 1150 985 right.)

515 1191 582 1233 My
619 1190 707 1225 dear
738 1189 786 1224 lit
798 1209 815 1218 -
829 1191 881 1225 tle
912 1190 974 1234 fay
1051 1191 1186 1226 Where
1200 1201 1291 1227 were
1307 1203 1380 1235 you
1412 1197 1450 1226 to
1465 1210 1481 1219 -
1495 1190 1589 1235 day?
1668 1191 1752 1227 And
1768 1191 1868 1226 what
1881 1191 1977 1227 have
1990 1202 2063 1235 you
2079 1191 2173 1226 done

2265 1191 2337 1226 and

2404 1201 2504 1233 seen;

2670 1192 2774 1226 Some

516 1765 585 1790 one
623 1755 669 1790 lit
680 1774 695 1783 -
705 1757 755 1790 tle
784 1756 909 1800 sprite,
928 1755 1034 1792 Shall
1050 1757 1214 1791 crowned
1226 1757 1271 1791 be
1298 1757 1460 1800 to-night
1519 1755 1625 1791 With
1642 1756 1716 1791 this
1769 1766 1852 1800 myr
1872 1775 1888 1784 -
1910 1757 1963 1792 tle
1986 1757 2120 1792 wreath
2145 1761 2226 1800 pret
2247 1775 2261 1784 -
2284 1762 2322 1799 ty

2396 1757 2468 1792 and

2535 1767 2654 1800 green.
