2192 3204
853 298 988 335 NEW
1011 297 1312 334 CHRISTIAN

316 386 553 420 SOMETHING
569 387 648 419 FOR
661 386 790 420 JESUS.
824 388 860 420 6s
877 387 905 419 &

920 388 967 419 4s.

998 387 1036 419 D.

1571 387 1708 415 ROBERT
1722 387 1851 415 LOWRY.

393 602 529 642 Saviour,
541 602 600 643 thy
615 602 715 644 dying
724 602 794 634 love
808 602 892 634 Thou
900 605 1009 643 gavest
1016 611 1079 641 me;
1087 601 1150 634 Nor
1155 601 1262 633 should
1269 600 1290 632 I
1296 601 1396 642 aught
1402 600 1562 642 withhold,
1567 601 1648 634 Dear
1655 601 1743 640 Lord,
1750 601 1825 634 from
1833 601 1919 635 thee:

272 1020 311 1053 In
318 1021 386 1054 love
393 1032 447 1063 my
457 1023 522 1055 soul
530 1021 628 1054 would
637 1021 711 1061 bow,
721 1021 774 1062 My
783 1021 873 1053 heart
880 1021 972 1053 fulfill
982 1022 1024 1052 its
1031 1028 1105 1055 VOW,
1113 1020 1197 1053 Some
1205 1019 1333 1061 offering
1341 1020 1432 1061 bring
1441 1020 1514 1053 thee
1521 1029 1596 1059 now,
1602 1019 1781 1061 Something
1788 1020 1835 1052 for
1842 1020 1922 1053 thee,

384 1074 743 1107 ae22.22

895 1224 1008 1250 Copyright,
1016 1224 1070 1248 1871,
1079 1224 1106 1249 by
1113 1222 1186 1248 Biglow
1192 1224 1210 1243 &
1216 1222 1279 1243 Main.

252 1249 383 1302 583

291 1314 500 1360 SAVIOUR,
518 1314 595 1360 thy
613 1314 741 1360 dying
755 1315 847 1351 love

1148 1314 1257 1358 Help
1272 1324 1340 1351 me
1354 1314 1425 1350 the
1440 1324 1544 1350 cross
1558 1315 1601 1350 to
1615 1313 1720 1358 bear,

338 1359 451 1394 Thou
465 1363 606 1404 gavest
621 1369 706 1404 me;

1146 1359 1238 1404 Thy
1252 1360 1464 1396 wondrous
1478 1359 1571 1394 love
1582 1359 1746 1404 declare,

293 1403 382 1439 Nor
395 1403 538 1440 should
553 1404 577 1438 I
592 1404 717 1448 aught
728 1403 938 1450 withhold,

1145 1403 1268 1439 Some
1281 1413 1383 1446 song
1394 1406 1437 1439 to
1452 1404 1564 1447 raise,
1582 1413 1627 1439 or
1639 1413 1825 1449 prayer-

338 1448 443 1484 Dear
457 1448 574 1492 Lord,
592 1449 695 1484 from
710 1449 822 1484 thee:

1191 1448 1429 1493 Something
1444 1449 1506 1484 for
1519 1448 1626 1484 thee.

291 1492 346 1527 In
357 1493 449 1528 love
463 1502 535 1537 my
548 1494 638 1529 soul
651 1493 784 1529 would
798 1493 900 1538 bow,

1146 1515 1169 1550 3
1193 1514 1296 1552 Give
1311 1524 1378 1550 me
1395 1525 1421 1551 a
1433 1514 1597 1550 faithful
1611 1514 1772 1551 heart-

293 1537 369 1582 My
382 1537 498 1573 heart
512 1537 632 1572 fulfill
645 1538 699 1573 its
712 1547 816 1581 vow,

1189 1559 1384 1595 Likeness
1397 1561 1440 1595 to
1455 1559 1593 1594 thee-

293 1581 415 1618 Some
429 1582 599 1626 offering
614 1582 729 1626 bring
745 1582 841 1618 thee
854 1590 995 1618 now-

338 1626 580 1671 Something
594 1627 652 1662 for
665 1626 769 1662 thee.

1145 1603 1253 1639 That
1266 1604 1366 1639 each
1380 1603 1590 1649 departing
1603 1603 1684 1649 day

1189 1648 1439 1684 Henceforth
1455 1658 1551 1693 may
1565 1658 1632 1685 see

293 1690 317 1724 2
341 1690 435 1726 O'er
450 1689 523 1725 the
536 1689 640 1725 blest
653 1690 903 1736 mercy-seat,

1146 1692 1267 1728 Some
1285 1693 1398 1728 work
1415 1693 1461 1728 of
1477 1694 1571 1728 love
1584 1692 1728 1739 begun,

338 1734 530 1779 Pleading
545 1735 604 1771 for
617 1743 696 1778 me,

1146 1737 1268 1773 Some
1279 1737 1379 1773 deed
1393 1737 1438 1773 of
1454 1737 1648 1774 kindness
1663 1739 1779 1782 done,

293 1779 367 1821 My
381 1779 508 1815 feeble
522 1779 625 1814 faith
639 1779 754 1815 looks
767 1787 833 1825 up,

1146 1781 1269 1818 Some
1282 1782 1490 1818 wanderer
1502 1782 1649 1826 sought
1663 1783 1743 1818 and
1759 1792 1897 1818 won-

337 1823 464 1868 Jesus,
482 1825 523 1859 to
538 1823 649 1867 thee;

1190 1825 1429 1873 Something
1443 1826 1503 1862 for
1517 1827 1621 1862 thee.

1641 1870 1674 1898 S.
1691 1870 1734 1898 D.
1753 1870 1887 1898 PHELPS.

313 1922 443 1962 JESUS,
458 1923 479 1954 I
493 1922 602 1954 WILL
616 1922 747 1955 TRUST
764 1922 881 1955 THEE.
915 1924 950 1955 6s
960 1923 987 1955 &
999 1923 1041 1956 5s.
1073 1923 1112 1956 D.

1736 1950 1770 1984 J.
1778 1950 1828 1980 H.
1843 1951 1878 1979 F.

1167 2079 1239 2140 CC

341 2137 438 2177 Jesus,
448 2137 469 2169 I
477 2137 545 2169 will
556 2140 639 2170 trust
649 2137 730 2177 thee,
739 2137 837 2170 When
848 2147 947 2170 across
957 2147 1011 2179 my
1021 2139 1097 2177 soul,
1107 2139 1185 2171 Like
1196 2150 1215 2171 a
1223 2140 1333 2172 fearful
1341 2142 1479 2182 tempest,
1484 2139 1604 2172 Doubts
1610 2140 1668 2171 and
1676 2140 1754 2172 fears
1762 2139 1842 2172 shall
1850 2140 1919 2172 roll.

1514 2398 1599 2423 Rit.

1121 2517 1191 2580 C -

291 2578 391 2612 When
403 2579 459 2612 the
469 2581 602 2621 tempter
612 2579 739 2620 cometh,
750 2579 860 2621 Surely
871 2580 910 2613 he
921 2580 989 2613 will
1000 2580 1057 2614 flee
1090 2581 1188 2614 When
1198 2580 1220 2613 I
1230 2581 1324 2621 utter,
1345 2578 1467 2621 Je-sus,
1505 2580 1526 2613 I
1558 2590 1608 2613 am
1623 2581 1762 2621 trusting
1774 2580 1858 2614 thee!

1051 2819 1118 2855 216
