3776 2643
368 193 459 250 92

1412 193 1588 258 The
1645 192 1862 270 Song
1921 192 2003 257 of
2058 195 2203 257 the
2265 195 2417 259 Old
2481 197 2663 258 Bell.

498 258 627 289 F.S.S.

3446 262 3592 294 G.F.R.

552 308 670 337 With
687 307 841 342 steady
859 309 1123 338 movement.

561 538 600 579 1.
629 536 657 578 I
708 551 789 579 was
807 537 920 591 hung
939 538 983 579 in
1004 551 1075 591 my
1086 538 1202 591 place
1213 539 1330 580 when
1345 540 1414 579 the
1431 539 1579 593 village
1592 553 1673 581 was
1685 553 1823 594 young
1837 541 1932 581 And
1947 542 2017 581 the
2035 541 2179 582 houses
2197 555 2299 582 were
2317 542 2514 583 scattered
2533 544 2612 584 and
2650 542 2739 592 few,
2819 543 2868 583 In
2906 543 2975 584 the
3015 542 3083 584 old
3131 542 3201 584 din
3213 566 3229 573 -
3241 556 3295 596 gy
3336 541 3402 583 bel
3418 565 3435 573 -
3450 541 3516 595 fry

3553 542 3615 583 for

558 819 597 860 2.
627 818 803 861 Sextons
818 818 900 860 five
912 819 1000 860 who
1012 819 1116 860 have
1129 820 1267 861 served
1282 819 1378 861 here
1391 820 1495 861 have
1508 820 1608 873 aged
1620 821 1699 862 and
1714 821 1804 861 died
1818 821 1914 861 And
1929 821 1997 861 the
2014 822 2123 862 sixth
2136 834 2223 861 now
2237 821 2271 862 is
2302 822 2473 876 tugging

2507 828 2553 862 at

2639 835 2717 871 me,

2800 822 2884 863 But
2903 821 2995 863 he'll
3011 835 3107 863 soon
3149 822 3200 863 be
3242 835 3286 863 SO
3306 835 3414 864 worn
3432 821 3524 862 he'll
3547 823 3597 862 be

558 1085 597 1127 3.

628 1084 683 1126 So
723 1084 749 1125 I
766 1084 898 1126 watch
915 1085 1020 1126 from
1038 1098 1109 1138 my
1122 1091 1247 1127 tower
1262 1100 1308 1127 as
1322 1085 1390 1128 the
1409 1092 1557 1139 pagent
1569 1099 1706 1128 moves
1725 1090 1777 1139 by
1800 1087 1915 1128 With
1933 1089 1988 1128 its
1998 1088 2092 1141 joys
2108 1087 2189 1129 and
2207 1089 2261 1128 its
2298 1100 2466 1129 sorrows
2501 1088 2582 1129 and
2619 1088 2735 1136 fears,
2793 1088 2890 1129 And
2918 1089 2971 1129 its
3008 1088 3066 1130 all
3127 1103 3201 1129 one
3240 1094 3282 1129 to
3320 1102 3387 1129 me

3451 1089 3494 1129 in

3536 1102 3606 1142 my

2074 1390 2298 1423 CHORUS.

635 1632 662 1660 a
671 1642 688 1650 -
698 1631 770 1673 ges
786 1618 874 1661 I've
888 1631 1047 1673 swung,
1073 1621 1153 1660 Yet
1172 1633 1241 1672 my
1259 1632 1358 1672 song
1393 1620 1429 1661 is
1467 1621 1537 1660 the
1556 1633 1666 1661 same
1688 1634 1733 1661 as
1751 1621 1865 1662 when
1882 1633 1983 1662 new.

2070 1620 2167 1662 And
2206 1634 2249 1662 SO

2319 1621 2345 1661 I

2422 1621 2511 1674 sing
2528 1619 2654 1674 Ding,
2668 1619 2790 1674 dong,
2806 1619 2926 1674 dong,
2943 1620 3054 1673 ding,
3071 1618 3131 1661 Or

3194 1625 3242 1660 ut

3252 1642 3268 1651 -

3283 1624 3345 1661 ter

3387 1634 3412 1660 a

3459 1620 3610 1661 solemn

633 1904 793 1947 hustled
820 1919 846 1946 a
875 1928 892 1936 -
922 1907 1007 1945 side
1045 1904 1219 1960 Making
1255 1919 1367 1946 room
1388 1905 1453 1946 for
1490 1919 1516 1947 a
1547 1917 1732 1961 younger
1749 1906 1850 1947 than
1890 1906 1953 1947 he.

2065 1905 2162 1948 And
2201 1920 2245 1949 SO
2312 1904 2341 1948 I
2423 1906 2514 1960 sing
2532 1905 2656 1960 Ding,
2670 1906 2790 1960 dong,
2807 1905 2928 1959 dong,
2946 1906 3056 1959 ding,
3074 1905 3134 1948 Or
3189 1910 3238 1947 ut
3248 1928 3265 1937 -
3278 1910 3341 1947 ter
3383 1919 3410 1946 a
3458 1906 3608 1948 solemn

631 2187 692 2230 sol
730 2187 775 2229 i-
758 2211 776 2220 -
787 2189 882 2231 tude
904 2187 1021 2242 high,
1062 2189 1112 2230 If
1144 2190 1215 2230 the
1251 2188 1373 2231 world
1396 2189 1432 2230 is
1473 2190 1517 2230 in
1536 2189 1635 2242 glad
1646 2212 1662 2221 -
1670 2205 1763 2231 ness
1780 2203 1826 2230 or
1883 2194 2002 2232 tears.
2073 2191 2172 2233 And
2211 2204 2255 2232 SO
2315 2188 2343 2231 I
2427 2190 2517 2243 sing
2534 2188 2659 2244 Ding,
2674 2188 2794 2244 dong,
2810 2189 2931 2244 dong,
2948 2188 3058 2243 ding,
3076 2188 3135 2230 Or
3192 2194 3239 2229 ut
3250 2211 3267 2219 -
3279 2193 3341 2230 ter
3382 2203 3409 2229 a
3456 2189 3608 2230 solemn
