1497 2347
182 137 223 177 6.

598 155 795 192 ANVERN,
808 157 849 187 L.
861 157 909 188 M.

1188 161 1327 192 GERMAN.

273 197 295 226 3

265 260 282 277 e

264 278 290 309 4

266 389 290 425 3

327 866 349 901 6

647 868 868 896 SELECTIONS

328 952 366 983 4

510 952 586 979 Pres.
599 951 664 984 163;
680 950 770 977 Meth.
785 948 848 981 654;
862 947 931 981 Bap.
943 946 1003 973 543.

1087 944 1126 970 C.
1146 942 1189 971 M.

395 1008 554 1046 Arlington,
566 1007 607 1037 50
619 1015 628 1042 ;
647 1004 809 1038 Ortonville,
823 1003 867 1034 86
878 1009 889 1038 ;
915 1000 1060 1036 Balerma,
1072 998 1124 1028 55.

378 1066 461 1146 A

461 1062 656 1100 MAZING
667 1063 783 1107 grace!
791 1061 872 1096 how
879 1062 987 1095 sweet
992 1056 1054 1093 the
1061 1054 1188 1097 sound,

504 1109 600 1145 That
613 1107 723 1144 saved
737 1118 761 1141 a
775 1104 906 1140 wretch
920 1102 994 1138 like
1009 1103 1087 1136 me!

377 1155 400 1191 I
414 1165 505 1191 once
519 1165 592 1189 was
605 1153 688 1195 lost,
706 1151 773 1187 but
786 1160 864 1184 now
876 1159 935 1183 am
950 1144 1077 1188 found,

423 1199 507 1234 Was
522 1198 634 1242 blind,
652 1197 718 1231 but
731 1205 810 1230 now
825 1193 847 1228 I
862 1204 933 1228 see.

333 1280 358 1314 2
378 1278 494 1314 'Twas
509 1288 614 1322 grace
628 1275 707 1310 that
719 1272 847 1318 taught
860 1282 920 1315 my
933 1270 1037 1304 heart
1053 1272 1091 1302 to
1104 1266 1191 1309 fear,

424 1321 509 1357 And
523 1332 629 1366 grace
644 1330 705 1363 my
717 1318 812 1353 fears
825 1314 986 1354 relieved
992 1326 1003 1356 ;

380 1367 476 1403 How
490 1366 655 1411 precious
670 1363 731 1398 did
746 1362 826 1397 that
838 1372 943 1405 grace
958 1369 1095 1404 appear

425 1410 502 1446 The
519 1410 610 1445 hour
624 1408 645 1444 I
655 1407 733 1443 first
748 1405 910 1442 believed
924 1404 934 1439 !

337 1494 358 1527 3
382 1488 551 1533 Through
566 1499 673 1531 many
688 1485 851 1530 dangers,
868 1482 952 1517 toils
966 1479 1038 1515 and
1060 1488 1184 1513 snares

426 1534 447 1569 I
460 1534 553 1569 have
568 1531 714 1575 already
728 1540 830 1567 come
843 1540 855 1573 ;

385 1578 460 1614 'Tis
474 1588 578 1621 grace
592 1577 659 1612 has
674 1574 831 1618 brought
844 1583 902 1606 me
917 1569 993 1605 safe
1006 1567 1091 1603 thus
1104 1564 1172 1610 far,

428 1622 512 1657 And
527 1633 633 1667 grace
649 1619 723 1655 will
736 1617 818 1653 lead
834 1627 893 1651 me
907 1615 1025 1650 home.

339 1706 364 1740 4
384 1702 462 1739 The
476 1699 576 1736 Lord
589 1699 656 1735 has
669 1695 852 1743 promised
866 1692 961 1740 good
975 1697 1013 1728 to
1029 1702 1100 1735 me,

431 1746 502 1782 His
515 1744 613 1780 word
628 1754 687 1787 my
702 1743 798 1786 hope
812 1749 971 1780 secures:
968 1749 977 1781 ;

385 1791 446 1827 He
460 1790 533 1825 will
547 1801 608 1833 my
623 1787 740 1823 shield
755 1784 827 1820 and
842 1784 986 1829 portion
1000 1781 1048 1817 be

432 1835 486 1871 As
499 1834 586 1878 long
602 1843 642 1868 as
657 1831 720 1867 life
736 1830 901 1865 endures.

343 1917 364 1951 5
387 1913 473 1950 And
488 1912 590 1947 when
602 1909 675 1945 this
690 1907 779 1944 flesh
796 1905 867 1942 and
882 1904 988 1941 heart
1001 1903 1094 1939 shall
1109 1901 1187 1945 fail,

433 1957 518 1993 And
533 1955 661 1992 mortal
680 1953 744 1989 life
758 1951 851 1988 shall
866 1961 982 1993 cease,

387 2002 410 2039 I
423 2002 515 2039 shall
530 2010 684 2046 possess,
702 1997 825 2032 within
839 1995 902 2030 the
916 1994 998 2038 veil,

435 2047 469 2083 A
483 2046 547 2082 life
563 2044 605 2080 of
610 2045 674 2089 joy
688 2041 762 2078 and
776 2051 899 2086 peace.
