2650 2142
307 184 380 230 56

1201 196 1317 224 LOVE
1337 195 1431 224 AND
1452 195 1620 225 PRAISE

416 259 528 308 THE
557 259 720 308 PRIZE
749 259 801 308 IS
829 259 934 309 SET
960 259 1174 310 BEFORE
1205 259 1284 308 US.
1342 259 1447 309 (49.)

1996 272 2067 299 DR.
2086 273 2129 302 H.
2151 272 2191 300 R.
2210 272 2389 300 PALMER.

482 509 513 539 1.
535 507 613 539 The
625 507 721 546 prize
761 508 792 538 is
815 510 869 538 set
909 507 1041 539 be-fore
1070 506 1212 539 us-To
1228 508 1311 546 win,
1324 515 1391 539 our
1400 506 1493 538 Lord
1503 505 1653 544 implore
1665 512 1711 538 us
1714 505 1725 538 !
1765 506 1843 538 The
1855 515 1921 544 eye
1960 507 2001 538 of
2012 506 2088 538 God
2119 506 2149 537 is
2171 506 2242 537 o'er
2267 514 2309 537 us
2322 506 2429 537 From
2441 514 2487 537 on

482 549 515 580 2.
538 548 605 580 We
642 547 763 580 follow
775 548 891 580 where
899 548 957 579 He
968 547 1219 581 leadeth-We
1219 550 1363 588 pasture
1373 547 1488 578 where
1497 546 1554 579 He
1556 546 1910 584 feedeth-Weyield
1919 548 1958 579 to
1969 547 2056 578 Him
2068 547 2151 579 who
2160 546 2321 587 pleadeth
2335 546 2440 578 From
2452 555 2498 577 on

483 589 514 620 3.
537 588 611 620 Our
621 588 732 620 home
757 589 789 620 is
797 587 917 629 bright
927 588 1053 620 a-bove
1067 595 1125 624 us;
1148 589 1205 621 No
1240 589 1286 619 tri
1300 604 1314 612 -
1328 588 1381 619 als
1390 588 1490 620 there
1500 590 1537 619 to
1548 595 1653 620 move
1668 596 1719 627 us,
1735 587 1808 619 But
1818 587 1934 619 Christ
1944 595 2010 618 our
2019 587 2110 619 Lord
2120 590 2157 619 to
2170 588 2251 619 love
2261 595 2310 623 us,
2317 586 2447 618 Dwells

2456 595 2502 618 on

505 1034 605 1074 high,
621 1035 713 1066 from
743 1042 790 1065 on
807 1034 894 1074 high
950 1034 1019 1065 His
1059 1034 1217 1074 lov-ing
1130 1052 1143 1059 -
1232 1037 1335 1066 tones
1363 1043 1423 1066 are
1440 1034 1598 1074 fall-ing,
1616 1033 1736 1066 While
1755 1034 1812 1065 sin
1867 1034 1899 1065 is
1940 1032 2041 1071 dark,
2051 1032 2325 1072 ap- pall-ing

2374 1031 2445 1063 'Tis

506 1075 605 1114 high,
622 1075 713 1107 from
744 1084 790 1106 on
807 1074 892 1113 high

950 1076 1020 1106 For
1029 1075 1169 1115 naught
1180 1076 1271 1107 from
1282 1075 1357 1106 him
1369 1083 1433 1106 can
1443 1083 1597 1114 sev - er;
1628 1075 1702 1107 Our
1743 1074 1837 1114 hope
1846 1074 1941 1106 shall
1950 1072 2132 1113 bright-en
2174 1081 2217 1105 ev
2231 1089 2246 1098 -
2266 1081 2323 1111 er;

2379 1072 2464 1103 And

507 1116 606 1156 high,
623 1115 746 1147 dwells
754 1124 800 1147 on
814 1115 901 1156 high
950 1115 1017 1147 We
1053 1117 1133 1156 give
1153 1125 1221 1148 our
1245 1116 1321 1147 best
1360 1116 1594 1153 en-deav-or;
1628 1115 1695 1147 We
1733 1116 1849 1155 praise
1862 1114 1921 1146 his
1947 1122 2056 1145 name
2084 1114 2139 1145 for
2149 1130 2163 1138 -
2174 1121 2217 1145 ev
2231 1128 2245 1136 -
2265 1120 2320 1148 er;

2384 1112 2453 1144 His

1657 1385 1825 1417 CHORUS.

534 1587 577 1618 Je
590 1604 605 1611 -
618 1595 680 1618 sus
693 1589 779 1625 gent
798 1603 813 1611 -
839 1586 876 1625 ly
898 1586 1153 1626 call-ing-He
1192 1586 1223 1618 is
1255 1586 1354 1626 nigh,
1371 1585 1418 1617 he
1486 1586 1516 1617 is
1531 1585 1634 1626 nigh.
1669 1585 1725 1625 By
1759 1582 1831 1616 and
1859 1583 1908 1623 by
1960 1593 2013 1616 we
2026 1582 2120 1615 shall
2132 1585 2223 1615 meet
2236 1583 2335 1618 Him,
2341 1582 2394 1621 By
2416 1581 2488 1613 and

510 1627 600 1659 faith
610 1627 705 1659 shall
715 1627 776 1658 fail
838 1635 882 1659 us
903 1634 1049 1667 nev-er,
1096 1626 1154 1659 He
1194 1627 1225 1658 is
1259 1627 1358 1666 nigh,
1375 1626 1420 1658 he
1487 1626 1518 1657 is
1532 1626 1631 1665 nigh.

523 1669 687 1708 precious
697 1668 813 1700 words
824 1676 890 1699 can
898 1674 1050 1707 nev-er,
980 1685 995 1692 -
1082 1668 1172 1699 Nev-
1188 1676 1226 1699 er
1266 1667 1332 1707 die,
1361 1675 1433 1699 nev
1447 1683 1461 1691 -
1483 1675 1519 1698 er
1544 1667 1611 1699 die.

1287 1897 1336 1933 By
1346 1897 1549 1933 permission.
