2545 3826
970 512 1189 543 "HERE
1221 511 1402 544 AM I."

1619 672 1886 713 CANTERBURY,
1908 673 1956 707 N.
1981 672 2029 706 H.

520 808 555 850 4

626 837 657 862 C

627 860 658 884 OH

562 897 595 928 1.
643 895 675 930 O

798 897 945 938 Father,
967 899 1052 931 with
1074 900 1136 932 the
1179 900 1234 940 sig
1248 916 1265 925 -
1279 903 1342 933 net
1378 899 1429 933 Of
1481 900 1545 940 thy
1566 909 1617 933 un
1631 917 1645 925 -
1660 899 1766 942 dying
1826 899 1923 939 love,
1945 900 2031 934 For-

561 951 594 982 2.
641 950 810 985 Wouldst
827 951 932 986 Thou
944 952 1071 987 di-rect
1090 962 1150 987 me
1191 953 1283 987 thith
1292 970 1306 979 -
1318 961 1358 987 er
1372 953 1456 988 O'er
1478 963 1550 995 yon
1565 956 1807 996 tempestuous
1823 955 1929 995 flood,
1945 954 2010 996 My

560 1006 593 1037 3.

641 1005 774 1046 Speak,
808 1006 917 1047 Lord,
934 1007 997 1049 thy
1011 1011 1158 1042 servant
1176 1008 1335 1047 heareth,
1371 1008 1454 1042 And
1476 1008 1594 1049 gladly
1609 1008 1681 1041 will
1719 1019 1741 1042 o
1764 1026 1781 1034 -
1808 1009 1896 1050 bey;
1930 1009 2056 1042 What-

563 1584 607 1608 ev
636 1592 653 1602 -
681 1585 722 1609 er
787 1577 864 1609 seal
957 1586 1018 1618 my
1053 1578 1129 1619 spir
1152 1594 1169 1602 -
1193 1579 1233 1617 it,
1281 1578 1375 1611 That
1444 1577 1468 1611 I
1500 1578 1600 1611 thine
1650 1586 1730 1611 own
1776 1587 1859 1620 may
1902 1587 2027 1620 prove.

561 1629 651 1662 faith
680 1630 718 1662 in
783 1631 883 1664 Thee
954 1632 986 1664 is
1053 1631 1245 1672 anchored,
1282 1632 1388 1665 Thou
1431 1632 1594 1665 knowest
1650 1641 1713 1674 my
1787 1633 1867 1665 best
1908 1633 2008 1672 good.

560 1686 633 1717 e'er
652 1685 759 1719 Thou
772 1685 935 1726 wouldst,
956 1694 1017 1727 my
1049 1686 1102 1719 Fa
1116 1703 1132 1711 -
1143 1687 1235 1727 ther,
1275 1686 1385 1720 Make
1428 1687 1557 1720 known
1569 1690 1607 1720 to
1650 1695 1720 1727 me,
1802 1687 1824 1720 I
1909 1696 2011 1729 pray.

557 2210 678 2244 Teach
719 2219 779 2243 me
834 2214 873 2243 to
916 2210 1022 2244 know
1044 2210 1125 2253 Thy
1168 2211 1282 2250 voice,
1307 2211 1461 2254 Though
1503 2216 1577 2244 tem
1597 2229 1613 2238 -
1634 2217 1731 2254 pests
1753 2222 1835 2254 may
1857 2213 1902 2245 de
1924 2229 1940 2237 -
1961 2213 2020 2253 fy;

557 2265 638 2298 And
726 2265 831 2297 when
837 2265 859 2298 I
915 2265 1003 2298 hear
1038 2265 1121 2307 Thy
1164 2265 1236 2299 call
1301 2266 1332 2300 O
1507 2276 1592 2308 may
1678 2267 1702 2300 I
1754 2269 1824 2299 e'er
1856 2275 1899 2300 re
1927 2284 1943 2292 -
1963 2268 2028 2309 ply

557 2320 669 2353 What
682 2336 699 2345 -
721 2329 765 2352 ev
785 2336 802 2346 -
824 2329 865 2353 er
909 2329 1009 2353 cares
1033 2328 1081 2362 op
1111 2337 1128 2346 -
1162 2329 1275 2361 press,
1303 2322 1414 2355 What
1447 2338 1462 2347 -
1507 2330 1552 2354 ev
1598 2338 1614 2347 -
1659 2330 1700 2354 er
1747 2322 1809 2354 int'
1824 2338 1839 2346 -
1848 2326 1941 2356 rests
1955 2326 2027 2364 try,

1371 2732 1414 2784 p

557 2959 628 2991 Let
710 2967 770 2991 me
813 2958 859 2990 be
924 2956 1066 2991 clothed
1087 2957 1173 2991 with
1196 2966 1302 2999 grace
1323 2957 1378 2991 To
1422 2965 1573 2996 answer,
1600 2956 1726 2991 "Here
1759 2965 1819 2991 am
1861 2956 1917 2991 I."

558 3012 658 3046 With

712 3018 791 3045 true
813 3012 880 3045 sub
892 3028 909 3037 -
921 3012 989 3045 mis
1026 3029 1042 3037 -
1084 3012 1162 3045 sive
1190 3011 1294 3046 heart
1314 3011 1379 3052 My
1423 3011 1568 3051 Father,
1596 3011 1720 3045 "Here
1760 3021 1820 3046 am
1862 3011 1916 3046 I."

554 3067 616 3100 I'll

701 3071 796 3102 trust
825 3076 887 3107 my
929 3065 981 3099 all
1088 3065 1174 3099 with
1188 3065 1289 3099 Thee
1321 3065 1403 3099 And
1423 3075 1572 3106 answer,
1594 3066 1718 3099 "Here
1758 3075 1818 3100 am
1859 3065 1915 3100 I."

1382 3379 1618 3427 EMORY
1650 3380 2041 3427 UNIVERSITY

1440 3574 1668 3610 15168138
