2296 3329
968 275 1285 339 LUDWIC.
1353 274 1434 339 7s.

1658 285 1698 337 J.
1721 284 1777 327 G.
1797 285 2012 327 DOUTHIT.

506 497 526 532 1
549 497 669 541 Hark,
683 508 747 542 my
767 498 863 541 soul,

899 499 935 534 it

997 499 1032 534 is

1085 499 1152 534 the
1165 497 1276 534 Lord!
1303 498 1379 534 'Tis
1404 498 1475 542 thy
1523 496 1708 540 Sav-iour,
1715 497 1806 533 hear
1823 496 1886 534 his
1912 498 2028 534 word!

555 906 605 941 Je
619 923 636 933 -
648 916 713 942 sus
721 907 865 950 speaks,
871 907 919 941 he
931 906 1065 950 speaks
1073 908 1112 941 to
1147 906 1247 941 thee:
1272 903 1382 950 "Say,
1388 914 1480 949 poor
1505 907 1564 941 sin
1579 923 1597 933 -
1609 915 1686 950 ner,
1698 905 1808 941 lov'st
1815 906 1909 942 thou

1922 906 2010 941 me?

326 1157 533 1213 172

866 1153 948 1213 Bap.,
965 1154 1037 1205 491.
1097 1152 1205 1212 Meth.,
1217 1154 1293 1205 473.
1352 1155 1447 1212 Pres.,
1462 1155 1517 1204 42.

327 1234 352 1267 2
370 1232 420 1267 "I
431 1232 610 1268 delivered
621 1233 705 1268 thee
717 1233 825 1268 when
837 1232 974 1273 bound,

1293 1233 1430 1275 Deeper
1439 1233 1531 1268 than
1544 1233 1609 1268 the
1619 1233 1749 1276 depths
1760 1232 1926 1274 beneath,

368 1273 464 1314 And,
479 1274 584 1308 when
600 1274 789 1313 wounded,
801 1273 930 1309 healed
941 1273 1011 1316 thy
1023 1273 1180 1314 wound;

1292 1274 1383 1309 Free
1393 1274 1468 1308 and
1480 1273 1638 1316 faithful,
1650 1277 1776 1317 strong
1787 1283 1828 1309 as
1839 1274 1960 1309 death.

366 1314 507 1355 Sought
518 1315 601 1349 thee
614 1314 823 1356 wand'ring,
836 1317 892 1349 set
903 1314 987 1349 thee
996 1314 1105 1357 right,

1251 1326 1275 1359 5
1324 1324 1433 1359 Thou
1444 1324 1544 1360 shalt
1553 1334 1613 1359 see
1624 1334 1688 1367 my
1700 1325 1804 1369 glory
1815 1333 1919 1367 soon,

367 1354 512 1389 Turned
523 1354 591 1396 thy
603 1354 776 1389 darkness
781 1352 868 1391 into
879 1354 983 1397 light.

1293 1365 1414 1400 When
1426 1366 1491 1400 the
1503 1366 1605 1401 work
1617 1367 1661 1400 of
1673 1374 1777 1408 grace
1788 1368 1821 1400 is
1832 1367 1939 1408 done,

327 1407 350 1441 3
371 1406 473 1441 "Can
486 1415 510 1441 a
521 1406 694 1441 mother's
704 1406 832 1441 tender
840 1414 930 1446 care,

1292 1406 1443 1440 Partner
1453 1406 1497 1440 of
1508 1414 1575 1448 my
1586 1406 1718 1441 throne
1729 1406 1828 1440 shalt
1839 1406 1900 1441 be:

367 1447 475 1481 Cease
485 1447 622 1482 toward
634 1447 699 1481 the
710 1446 809 1481 child
820 1447 889 1482 she
900 1446 1006 1482 bare?

1291 1446 1375 1489 Say,
1387 1455 1478 1490 poor
1487 1447 1622 1487 sinner,
1634 1446 1745 1482 lov'st
1754 1446 1848 1482 thou
1859 1445 1968 1482 me?"

367 1488 450 1527 Yes,
463 1487 530 1522 she
541 1494 626 1527 may
639 1486 806 1528 forgetful
819 1488 873 1527 be,

1251 1499 1274 1532 6
1292 1497 1399 1539 Lord,
1412 1498 1445 1532 it
1454 1498 1488 1532 is
1499 1506 1564 1540 my
1578 1500 1678 1533 chief
1688 1497 1890 1540 complaint

368 1528 441 1562 Yet
451 1527 527 1562 will
539 1527 562 1561 I
573 1528 772 1562 remember
782 1527 875 1563 thee.

1292 1539 1389 1573 That
1398 1546 1464 1579 my
1475 1539 1560 1573 love
1570 1539 1603 1573 is
1613 1538 1691 1573 still
1702 1547 1745 1572 SO
1756 1538 1868 1580 faint;

326 1580 351 1613 4
368 1577 499 1612 "Mine
509 1579 543 1612 is
554 1587 602 1612 an
616 1577 850 1621 unchanging
862 1578 954 1619 love,

1294 1578 1366 1612 Yet
1376 1579 1399 1613 I
1408 1578 1493 1613 love
1503 1578 1586 1613 thee
1596 1578 1671 1613 and
1683 1578 1808 1613 adore:

368 1619 509 1662 Higher
519 1619 610 1653 than
622 1618 688 1653 the
698 1618 842 1662 heights
854 1619 977 1661 above,

1294 1619 1325 1653 o
1337 1618 1395 1654 for
1405 1627 1509 1662 grace
1519 1620 1559 1654 to
1570 1619 1655 1654 love
1665 1618 1749 1654 thee
1759 1619 1883 1654 more?

787 1701 1221 1767 BARTIMEUS
1297 1705 1367 1769 8s
1396 1704 1445 1768 &
1481 1703 1560 1769 7s.

1567 1769 1741 1811 DANIEL
1755 1769 1897 1820 READ,
1919 1770 2039 1820 1804.

454 2006 476 2042 1
498 2006 619 2049 Come,
628 2005 723 2041 thou
723 2006 815 2050 long
824 2015 885 2041 ex-
897 2007 985 2050 pect
993 2023 1007 2033 -
1020 2005 1070 2042 ed
1097 2005 1161 2042 Je-
1168 2012 1244 2048 sus,
1265 2004 1364 2041 Born
1422 2008 1462 2041 to
1516 2007 1575 2041 set
1631 2004 1702 2048 thy
1722 2014 1793 2050 peo
1812 2022 1830 2034 -
1855 2006 1921 2050 ple
1946 2005 2039 2050 free;

477 2438 587 2473 From
616 2445 686 2472 our
697 2436 793 2472 fears
804 2435 878 2472 and
886 2436 965 2472 sins
992 2435 1148 2473 re-lease
1157 2445 1213 2481 us,

1284 2436 1357 2472 Let
1426 2443 1475 2472 us
1504 2435 1585 2472 find
1620 2445 1691 2472 our
1719 2437 1798 2472 rest
1846 2436 1890 2472 in
1916 2436 2018 2473 thee:

329 2690 538 2746 173

882 2683 963 2744 Bap.,
980 2683 1046 2735 193.

1104 2683 1210 2745 Meth.,
1225 2684 1298 2736 934.

1357 2683 1453 2745 Pres.,
1468 2684 1519 2735 41.

373 2767 397 2800 2
412 2765 553 2801 Israel's
564 2766 734 2806 Strength
746 2764 822 2800 and
834 2763 1078 2806 Consolation,

1296 2764 1396 2800 Born
1409 2766 1449 2799 to
1461 2765 1563 2807 reign
1575 2764 1616 2799 in
1629 2773 1676 2800 us
1687 2765 1745 2800 for
1755 2773 1848 2807 ever,

452 2806 560 2848 Hope
572 2807 616 2840 of
628 2807 679 2840 all
692 2807 756 2840 the
768 2805 869 2839 earth
880 2805 973 2840 thou
985 2808 1097 2848 art,-

1335 2805 1429 2841 Now
1440 2805 1510 2849 thy
1521 2806 1686 2849 gracious
1698 2806 1875 2847 kingdom
1885 2804 2011 2850 bring:

411 2847 507 2881 Dear
519 2847 641 2881 Desire
653 2846 697 2881 of
711 2854 818 2888 every
829 2846 968 2886 nation,

1255 2858 1281 2892 4
1296 2857 1354 2899 By
1365 2856 1472 2892 thine
1483 2864 1568 2892 own
1580 2856 1728 2892 Eternal
1739 2856 1860 2900 Spirit,

452 2887 524 2929 Joy
535 2888 581 2922 of
595 2895 702 2929 every
712 2886 865 2929 longing
875 2886 989 2922 heart.

1337 2897 1433 2932 Rule
1443 2897 1484 2932 in
1496 2897 1549 2932 all
1560 2906 1631 2932 our
1640 2897 1761 2932 hearts
1772 2898 1897 2941 alone;

373 2940 397 2974 3
413 2938 513 2974 Born
526 2938 593 2980 thy
606 2939 733 2980 people
745 2940 785 2973 to
797 2936 950 2976 deliver;

1297 2938 1355 2979 By
1366 2937 1473 2973 thine
1482 2937 1727 2973 all-sufficient
1737 2939 1855 2979 merit,

453 2979 552 3014 Born
566 2988 589 3014 a
601 2979 710 3020 child,
724 2978 798 3013 and
809 2981 871 3021 yet
884 2988 907 3013 a
918 2979 1028 3023 King,

1338 2978 1445 3013 Raise
1456 2986 1501 3012 us
1512 2980 1552 3013 to
1563 2977 1633 3021 thy
1645 2977 1804 3022 glorious
1814 2978 1959 3015 throne.

1172 3019 1235 3058 87
