3874 2753
498 209 673 254 292
769 211 1092 255 AZMON.
1144 210 1212 256 C.
1242 211 1440 259 M.-c.
1437 217 1482 256 G.
1497 217 1662 255 GLASER.

1818 231 1861 248 II
1872 216 2051 265 60 = 39.)

410 479 444 513 1.
466 477 586 520 Come,
595 487 670 520 you
685 476 767 512 that
795 476 880 512 love
922 477 987 511 the
1029 475 1231 512 Sav-iour's
1240 485 1358 518 name,
1374 475 1459 511 And
1500 475 1565 520 joy
1621 479 1660 510 to
1692 475 1801 511 make
1851 475 1885 510 it
1927 475 2071 519 known,
2084 476 2166 512 The
2186 478 2373 520 sovereign
2388 476 2429 512 of
2469 487 2564 520 your
2576 476 2699 513 hearts
2711 478 2902 521 proclaim,
2945 479 3032 514 And

3070 479 3148 514 bow

3170 478 3216 514 be

3212 479 3317 515 -fore

3361 478 3423 514 his
3451 478 3591 515 throne.

409 523 443 557 2.
466 523 519 557 Be
538 542 555 550 -
582 522 670 557 hold
682 531 778 566 your
792 520 902 567 King,
915 531 1009 564 your
1028 521 1212 564 Sav-iour,
1223 521 1389 555 crowned
1404 519 1509 555 With
1519 520 1669 564 glo-ries
1727 520 1782 555 all
1847 519 1889 554 di
1910 539 1928 548 -
1947 520 2052 562 vine;
2085 521 2171 556 And
2208 521 2274 556 tell
2289 521 2352 556 the
2366 521 2574 567 wondering
2612 522 2774 558 na-tions
2787 523 2905 558 round
2941 523 3037 558 How
3050 522 3175 568 bright
3186 523 3287 560 these
3297 524 3431 569 glories
3462 523 3580 559 shine.

442 672 480 715 2

2635 778 2820 824 294

408 827 433 862 3
452 824 621 862 Infinite
634 835 767 871 power
779 824 861 861 and
876 823 1089 861 boundless
1106 833 1222 870 grace

1522 835 1549 869 2
1568 833 1686 870 With
1703 834 1863 880 pitying
1876 843 1982 879 eyes,
1997 834 2069 870 the
2082 833 2224 871 Prince
2236 836 2283 870 of
2290 842 2410 880 grace

2637 835 2707 872 YE
2720 836 2932 881 wretched,
2948 836 3122 883 hungry,
3137 838 3324 884 starving
3336 847 3444 884 poor,

450 869 506 905 In
520 869 609 905 him
624 871 738 906 unite
754 869 861 906 their
876 877 991 914 rays;

1568 878 1720 915 Beheld
1736 889 1809 915 our
1823 879 1994 923 helpless
2010 880 2128 923 grief;

2680 880 2835 917 Behold
2852 891 2878 916 a
2893 881 3007 926 royal
3021 882 3143 924 feast;

409 914 501 950 You
517 914 609 950 that
621 914 728 950 have
742 922 837 950 seen
853 914 919 950 his
931 913 1069 957 lovely
1083 912 1179 958 face,

1522 922 1591 959 He
1604 931 1700 967 saw,
1717 921 1877 960 and-0
1891 925 2081 967 amazing
2096 923 2250 961 love!-

2637 924 2790 962 Where
2804 934 2943 969 mercy
2957 927 3121 971 spreads
3134 926 3210 963 her
3223 925 3445 964 bounteous
3460 929 3567 965 store

454 958 540 996 Can
553 968 636 1004 you
650 958 804 995 forbear
818 958 884 995 his
897 958 1050 1004 praise?

1567 967 1635 1003 He
1647 976 1723 1003 ran
1738 972 1780 1003 to
1796 977 1870 1003 our
1882 968 2003 1004 relief.

2680 970 2761 1006 For
2775 979 2898 1015 every
2912 969 3081 1008 humble
3094 975 3219 1017 guest.

408 1015 435 1049 4
456 1012 590 1050 When
605 1014 649 1049 in
664 1013 735 1050 the
749 1013 906 1058 earthly
921 1018 1053 1050 courts
1070 1022 1133 1048 we
1147 1013 1252 1049 view

453 1058 539 1094 The
553 1058 731 1095 beauties
744 1059 790 1093 of
799 1067 871 1094 our
884 1058 1010 1104 King,

1522 1046 1546 1081 3
1567 1044 1699 1081 Down
1714 1045 1816 1081 from
1830 1045 1903 1081 the
1915 1045 2081 1090 shining
2093 1047 2198 1082 seats
2212 1045 2350 1091 alove,

2637 1049 2662 1083 2
2682 1047 2768 1090 See,
2783 1046 2900 1083 Jesus
2915 1048 3055 1085 stands
3069 1049 3170 1084 with
3186 1058 3290 1094 open
3305 1058 3435 1096 arms;

411 1102 491 1138 We
504 1103 600 1146 long
612 1105 656 1139 to
669 1102 760 1139 love
774 1112 820 1139 as
834 1103 974 1148 angels
987 1101 1050 1146 do,

1567 1088 1684 1125 With
1694 1089 1824 1134 joyful
1838 1089 1953 1126 haste
1967 1090 2020 1126 he
2035 1088 2125 1132 fled;

2681 1092 2749 1127 He
2764 1092 2871 1134 calls,
2887 1092 2942 1127 he
2956 1092 3042 1128 bids
3054 1102 3138 1136 you
3154 1102 3280 1130 come.

453 1147 550 1183 And
564 1147 667 1183 wish
679 1146 764 1183 like
777 1146 891 1183 them
906 1149 949 1183 to
962 1147 1064 1192 sing.

1524 1133 1701 1169 Entered
1718 1134 1788 1169 the
1802 1143 1925 1178 grave
1940 1134 1984 1170 in
1999 1135 2146 1171 mortal
2163 1133 2274 1180 flesh,

2638 1135 2752 1172 Guilt
2765 1135 2882 1172 holds
2894 1146 2977 1181 you
2992 1137 3104 1179 back,
3123 1138 3204 1173 and
3219 1139 3303 1174 fear
3315 1138 3483 1184 alarms;

409 1203 435 1238 5
457 1202 551 1238 And
567 1202 672 1238 shall
688 1212 749 1238 we
761 1202 860 1248 long
873 1202 954 1238 and
969 1201 1073 1238 wish
1089 1202 1135 1238 in
1150 1201 1273 1238 vain?

1569 1178 1665 1213 And
1679 1177 1805 1214 dwelt
1818 1187 1968 1224 among
1981 1179 2053 1216 the
2067 1179 2179 1216 dead.

2681 1180 2762 1216 But
2775 1190 2851 1225 see,
2867 1181 2982 1218 there
2998 1184 3070 1227 yet
3085 1182 3121 1218 is
3136 1190 3299 1219 room-

453 1246 574 1289 Lord,
590 1248 709 1283 teach
725 1256 800 1283 our
815 1256 936 1292 songs
950 1249 993 1283 to
1007 1247 1086 1282 rise
1093 1249 1105 1282 !

1521 1256 1548 1292 4
1569 1256 1603 1292 O
1618 1256 1679 1292 for
1692 1255 1778 1292 this
1790 1255 1884 1293 love
1897 1256 1954 1293 let
1966 1256 2082 1293 rocks
2096 1256 2175 1293 and
2190 1256 2294 1294 hills

2635 1259 2660 1294 3
2680 1257 2810 1294 Room
2826 1259 2870 1294 in
2886 1258 2959 1295 the
2974 1258 3179 1296 Saviour's
3192 1259 3378 1306 bleeding
3391 1260 3527 1298 heart:

410 1291 502 1334 Thy
517 1292 607 1328 love
621 1300 696 1327 can
711 1292 890 1328 animate
905 1300 977 1327 our
989 1292 1129 1335 strain,

1568 1300 1689 1337 Their
1701 1300 1852 1346 lasting
1864 1301 2012 1338 silence
2027 1301 2159 1347 break,

2680 1302 2811 1339 There
2823 1303 2919 1340 love
2935 1303 3015 1339 and
3030 1306 3120 1349 pity
3134 1307 3263 1349 meet;

455 1335 552 1371 And
568 1335 633 1371 bid
651 1336 686 1371 it
698 1336 817 1371 reach
831 1336 901 1372 the
913 1336 1033 1371 skies.

1524 1345 1621 1381 And
1635 1345 1691 1380 all
1706 1345 1965 1382 harmonious
1981 1345 2137 1382 human
2152 1349 2322 1392 tongues

983 1378 1098 1409 ANNE
1111 1377 1267 1411 STEELE.

2636 1347 2724 1383 Nor
2740 1347 2826 1383 will
2838 1347 2893 1384 he
2907 1347 2974 1384 bid
2987 1348 3059 1385 the
3071 1349 3157 1384 soul
3172 1349 3313 1394 depart

409 1412 580 1456 293

1568 1390 1655 1425 The
1670 1388 1875 1426 Saviour's
1888 1391 2036 1436 praises
2049 1390 2180 1434 speak

2679 1391 2786 1427 That
2799 1392 2988 1428 trembles
3003 1395 3049 1427 at
3062 1393 3126 1429 his
3140 1393 3230 1430 feet.

407 1467 620 1505 PLUNGED
635 1469 678 1504 in
694 1478 720 1504 a
733 1468 824 1515 gulf
832 1469 880 1505 of
889 1468 992 1505 dark
1005 1468 1174 1514 despair,

1522 1469 1547 1503 5
1569 1467 1732 1511 Angels,
1747 1468 1864 1503 assist
1879 1477 1953 1503 our
1965 1468 2127 1513 mighty
2139 1468 2249 1514 joys;

2635 1470 2662 1505 4
2683 1469 2779 1505 And
2793 1471 2865 1514 yet
2878 1470 2949 1506 ten
2963 1469 3167 1507 thousand
3181 1470 3383 1508 thousand
3397 1482 3511 1510 more

456 1512 534 1549 We
547 1513 747 1549 wretched
761 1514 918 1550 sinners
931 1514 1013 1557 lay,

1564 1512 1699 1548 Strike
1713 1512 1768 1548 all
1781 1521 1885 1557 your
1898 1512 2022 1557 harps
2034 1514 2080 1548 of
2087 1513 2201 1558 gold;

2682 1514 2762 1549 Are
2776 1514 2968 1550 welcome
2980 1515 3065 1551 still
3079 1517 3122 1551 to
3136 1524 3261 1552 come.

408 1556 598 1593 Without
614 1567 691 1594 one
704 1557 878 1594 cheerful
894 1557 1010 1593 beam
1026 1556 1072 1592 of
1084 1557 1199 1603 hope,

1522 1556 1615 1597 But,
1630 1556 1748 1592 when
1763 1566 1845 1601 you
1860 1557 1961 1593 raise
1973 1566 2077 1601 your
2091 1558 2252 1603 highest
2265 1560 2392 1604 notes,

2637 1557 2699 1594 Ye
2712 1558 2882 1603 longing
2895 1558 3015 1602 souls,
3031 1559 3103 1596 the
3116 1570 3232 1605 grace
3245 1561 3378 1600 adore

453 1601 509 1638 Or
523 1602 643 1647 spark
657 1602 704 1637 of
712 1601 973 1647 glimmering
986 1602 1078 1646 day.

1569 1601 1649 1637 His
1662 1601 1754 1637 love
1767 1610 1845 1637 can
1860 1602 1970 1637 ne'er
1983 1602 2033 1637 be
2046 1602 2140 1638 told.

2682 1602 3055 1647 Approach-there
3070 1609 3142 1649 yet
3155 1606 3190 1641 is
3202 1614 3329 1641 room.

2113 1645 2228 1676 ISAAC
2238 1646 2383 1677 WATTS.

3213 1648 3329 1678 ANNE
3342 1649 3496 1680 STEELE.

483 1710 694 1761 (293)
785 1712 1166 1759 GROTON.
1216 1714 1286 1759 C.
1310 1714 1399 1758 M.
1405 1740 1450 1750 -
1451 1721 1503 1760 H.
1518 1722 1559 1760 C.
1572 1723 1744 1760 ZEUNER.

1884 1738 1928 1753 =
1934 1720 2115 1768 60=39.)

415 1953 450 1989 1.

461 1952 628 1998 Plunged
639 1953 680 1988 in
724 1964 749 1989 a
800 1953 884 2000 gulf
924 1953 968 1990 of
1008 1954 1106 1990 dark
1147 1955 1193 1990 de
1202 1973 1219 1981 -
1226 1956 1339 2001 spair,
1383 1956 1452 1992 We
1465 1956 1643 1992 wretched
1697 1957 1758 1992 sin
1768 1975 1784 1983 -
1794 1967 1878 1991 ners
1912 1956 1989 2000 lay,
2026 1954 2214 1990 With-out
2248 1965 2318 1990 one
2340 1954 2518 1990 cheer-ful
2540 1955 2645 1991 beam
2680 1955 2724 1991 of
2763 1956 2868 2002 hope,
2906 1956 2959 1992 Or
2976 1956 3089 2002 spark

3125 1957 3167 1993 of

3223 1956 3455 2003 glimmering
3469 1957 3553 2002 day.

414 2208 448 2243 2.
462 2207 567 2243 With
602 2209 764 2254 pity-ing
801 2220 894 2253 eyes,
922 2210 987 2246 the
1000 2210 1132 2247 Prince
1149 2211 1189 2247 of
1221 2223 1329 2256 grace
1384 2212 1438 2247 Be
1446 2231 1463 2239 -
1475 2211 1563 2248 held
1593 2223 1662 2247 our
1685 2212 1773 2257 help
1785 2231 1803 2240 -
1815 2213 1888 2248 less
1902 2213 2013 2256 grief;
2049 2213 2112 2248 He
2141 2225 2229 2255 saw,
2250 2211 2404 2250 and-0

2483 2225 2507 2247 a

2554 2222 2638 2249 maz
2645 2232 2661 2240 -
2674 2213 2740 2258 ing
2760 2212 2969 2250 love!-He
3010 2224 3078 2249 ran
3131 2218 3171 2250 to
3231 2224 3300 2249 our
3379 2224 3421 2249 re
3477 2213 3556 2249 lief.

415 2253 448 2288 3.
464 2253 579 2288 Down
593 2253 688 2288 from
706 2254 771 2289 the
802 2255 887 2290 shin
896 2274 912 2282 -
922 2256 987 2300 ing
1022 2261 1118 2292 seats
1156 2268 1180 2291 a
1193 2274 1211 2282 -
1231 2257 1333 2300 bove,
1377 2256 1481 2292 With
1493 2258 1557 2302 joy
1571 2276 1587 2284 -
1598 2257 1657 2292 ful
1678 2257 1782 2292 haste
1808 2257 1858 2291 he
1912 2257 1999 2298 fled;
2048 2257 2108 2292 En
2119 2276 2135 2284 -
2143 2258 2240 2292 tered
2255 2258 2319 2293 the
2338 2268 2447 2303 grave
2476 2259 2516 2293 in
2560 2268 2642 2292 mor
2654 2277 2669 2284 -
2678 2259 2733 2293 tal
2766 2257 2868 2302 flesh,
2897 2259 2982 2294 And
2997 2258 3107 2294 dwelt
3137 2268 3162 2294 a
3180 2275 3196 2283 -
3225 2264 3335 2303 mong
3372 2259 3436 2293 the
3466 2258 3572 2294 dead.

1837 2488 1914 2524 97
