2885 2263
514 263 557 313 3

1175 260 1315 313 SING
1342 261 1418 313 OF
1443 262 1545 313 HIS
1571 262 1740 313 LOVE.

411 338 582 367 PRISCILLA
594 337 623 366 J.
636 337 764 367 OWENS.
802 337 950 368 "Because
959 338 1010 373 thy
1017 338 1271 374 loving-kindness
1280 340 1307 367 is
1317 338 1405 368 better
1415 339 1488 367 than
1498 340 1558 374 life,
1569 347 1620 374 my
1630 340 1689 373 lips
1698 339 1777 368 shall
1784 340 1887 375 praise
1896 339 2072 371 thee."-Ps.
2086 341 2130 370 63
2128 347 2137 371 :
2154 342 2182 371 3.

2262 342 2299 370 E.
2309 341 2340 371 S.
2351 342 2494 372 LORENZ.

456 554 488 588 1.
511 554 577 596 My
590 554 675 589 soul
687 554 805 590 would
817 554 883 589 tell
898 554 938 590 of
970 555 1033 590 the
1046 554 1211 590 Savior's
1228 554 1310 589 love
1334 554 1387 590 To
1420 554 1474 589 all
1507 555 1570 590 the
1587 555 1700 591 world
1715 556 1872 592 a-round
1888 566 1965 599 me;
1980 556 2056 592 For
2069 556 2116 591 he
2130 556 2198 592 left
2220 556 2280 592 his

2308 558 2370 602 glo

2384 576 2402 586 -

2417 560 2533 594 ri-ous

454 598 487 633 2.
512 598 584 633 His
596 599 677 633 love
688 599 788 634 shall
797 600 941 642 gath-er
956 600 1044 634 each
1056 601 1182 644 happy
1200 599 1304 634 voice
1327 598 1376 633 In
1397 599 1487 643 glad
1505 600 1577 635 and
1618 600 1777 645 grateful
1793 601 1958 644 cho-rus;
1975 602 2059 636 And
2066 603 2105 635 in
2114 602 2210 645 grief
2219 602 2291 637 and
2302 604 2392 646 pain
2403 603 2482 637 still
2493 613 2566 638 our

455 643 487 677 3.
511 643 542 676 O
593 644 675 687 sing
707 643 765 677 his
779 644 863 678 love
890 648 929 679 to
960 645 1024 678 the
1038 644 1143 679 lands
1160 655 1183 678 a
1200 662 1216 671 -
1229 642 1298 686 far,
1325 643 1404 678 The
1420 654 1515 679 news
1532 644 1571 679 of
1601 656 1709 688 grace
1727 645 1946 690 abounding
1947 659 1957 689 ;
1973 646 2044 681 Let
2071 646 2104 680 it
2118 646 2206 681 float
2240 647 2280 682 in
2295 648 2461 688 gladness

2469 648 2564 683 from

386 687 420 722 4.
436 687 538 722 Then
546 687 630 732 sing
637 698 725 723 once
733 698 832 723 more
842 688 881 722 of
888 688 967 723 that
977 688 1168 724 wondrous
1181 688 1312 732 theme,
1324 687 1397 722 His
1412 688 1496 723 love
1517 699 1566 724 ex
1580 708 1596 716 -
1612 690 1761 734 ceeding
1772 699 1950 735 measure;
1969 690 2039 725 Let
2063 690 2096 725 it
2132 690 2187 726 fill
2202 701 2270 726 our
2282 692 2413 735 hearts,
2422 692 2474 727 let
2489 692 2521 726 it

1649 935 1862 963 CHORUS.

483 1162 614 1198 throne
633 1173 657 1198 a
674 1181 690 1191 -
703 1162 795 1199 bove
833 1163 917 1199 And
935 1164 982 1200 he
997 1167 1131 1210 sought
1146 1167 1204 1203 for
1222 1178 1281 1202 me
1298 1166 1370 1202 and
1385 1165 1502 1202 found
1531 1177 1602 1202 me.

481 1208 582 1242 souls
621 1218 660 1242 re
674 1226 689 1235 -
702 1208 805 1252 joice,
823 1209 895 1244 For
932 1220 985 1244 we
1021 1210 1093 1246 feel
1138 1212 1198 1247 his
1213 1212 1373 1247 shad-ow
1388 1211 1463 1247 o'er
1528 1221 1581 1246 us.
1601 1209 1798 1255 We'll sing
1806 1207 1862 1254 (of
1871 1207 2035 1255 hislove)
2047 1208 2155 1245 We'll
2164 1209 2246 1254 sing
2256 1209 2295 1245 of
2303 1209 2362 1246 his
2371 1210 2471 1247 love!
2486 1211 2560 1247 Ex-

482 1255 558 1286 star
623 1256 662 1286 to
705 1256 793 1295 star,
825 1252 908 1288 O'er
921 1254 984 1289 the
1000 1265 1116 1291 waves
1140 1258 1180 1292 of
1202 1256 1269 1292 life
1313 1268 1352 1292 re
1364 1275 1380 1285 -
1391 1255 1603 1300 sound-ing.

481 1296 583 1340 reign
617 1306 809 1342 su-preme,
826 1299 878 1333 As
922 1309 991 1334 our
1018 1300 1106 1344 best,
1124 1313 1194 1338 our
1210 1302 1387 1345 brightest
1405 1304 1593 1336 treas-ure.

509 1706 562 1740 alt

593 1705 654 1741 his
688 1706 791 1753 ho-ly
802 1718 909 1744 name
916 1708 1016 1745 forev
1034 1727 1050 1738 -
1071 1719 1128 1752 er;
1142 1708 1217 1745 For
1225 1709 1284 1744 his
1286 1706 1605 1753 loving-kindness
1619 1707 1650 1742 is
1658 1706 1737 1742 still
1746 1706 1809 1742 the
1818 1716 1927 1751 same,
1937 1707 2021 1742 And
2037 1706 2094 1742 his
2104 1706 2280 1751 goodness
2291 1705 2357 1742 fail
2366 1707 2428 1742 eth
2438 1717 2557 1744 never.

1424 1954 1469 1986 13
