2723 2297
326 261 410 313 114

917 258 1073 311 TRIM
1100 259 1178 311 UP
1204 258 1366 312 YOUR
1392 258 1572 325 LAMP,
1602 258 1889 313 BROTHER.

408 346 452 373 H.
463 347 501 372 R.
509 346 697 374 TRICKETT.

1050 346 1098 372 Ye
1107 350 1160 371 are
1171 345 1225 371 the
1236 345 1318 378 light
1328 345 1364 371 of
1369 345 1424 372 the
1434 345 1536 372 world.
1540 356 1568 364 -
1569 346 1676 373 MATT.
1690 351 1725 373 V :
1743 346 1783 372 14.

2149 346 2180 374 J.
2190 346 2234 373 H.
2244 346 2451 374 ROSECRANS.

439 560 470 595 1.

495 559 597 594 Dark
616 560 650 594 is
666 561 728 594 the
743 558 865 603 world,
881 569 943 603 my
959 557 1115 602 brother,
1138 557 1227 594 And
1240 557 1439 595 thousands
1455 569 1516 594 are
1532 558 1581 602 dy
1597 579 1612 587 -
1626 559 1692 603 ing
1706 560 1747 592 in
1767 557 1836 598 sin
1833 571 1846 603 ;
1868 558 1970 603 They
1984 559 2090 593 know
2106 562 2173 594 not
2186 558 2249 594 the
2263 568 2341 603 way
2357 560 2396 594 of
2415 559 2487 594 sal-

438 616 469 650 2.
494 614 576 650 You
595 625 658 650 are
673 614 735 650 the
749 613 855 659 light,
871 624 933 658 my
950 613 1106 657 brother,
1132 613 1215 649 And
1233 614 1385 651 Je - sus
1293 632 1309 640 -
1416 614 1483 650 has
1510 613 1693 651 stationed
1705 624 1779 659 you
1796 613 1883 649 here
1963 613 2017 650 To
2030 614 2138 650 shine
2156 625 2196 650 as
2211 626 2234 650 a
2249 615 2382 651 beacon
2413 614 2454 651 of

438 672 470 706 3.
493 670 561 706 Let
574 680 670 715 your
684 669 780 716 light
793 669 908 714 shine,
925 680 986 713 my
1005 669 1160 713 brother,
1177 669 1245 712 Oh,
1261 669 1314 704 let
1328 674 1392 704 not
1407 670 1455 705 its
1473 669 1678 715 brightness
1696 679 1794 716 grow
1805 668 1895 713 dim,
1913 669 1987 706 For
2003 669 2054 706 all
2071 670 2152 705 that
2164 680 2238 715 you
2254 669 2301 706 do
2322 675 2360 705 to
2381 679 2467 706 save

462 1169 509 1194 va
523 1178 539 1186 -
555 1158 644 1202 tion,
668 1157 746 1193 Nor
761 1157 871 1192 think
886 1157 927 1192 of
940 1158 1002 1192 the
1024 1157 1159 1203 danger
1174 1158 1309 1202 they're
1325 1159 1375 1193 in.

463 1214 637 1260 warning,
665 1212 763 1249 That
777 1213 830 1248 all
846 1224 930 1257 may
946 1213 1004 1249 for
1021 1213 1210 1259 judgment
1225 1224 1385 1259 prepare.
1431 1213 1533 1249 Then
1549 1213 1636 1249 trim
1654 1225 1705 1259 up
1718 1224 1813 1259 your
1828 1214 1939 1259 lamp,
1949 1224 2009 1258 my
2025 1212 2182 1258 brother,
2199 1212 2282 1248 And
2294 1212 2347 1248 let
2358 1212 2405 1248 its
2415 1212 2512 1258 light

460 1270 626 1314 sin-ners,
664 1268 746 1305 You
763 1269 810 1305 do
849 1269 889 1314 it,
929 1280 991 1314 my
1006 1269 1177 1312 broth-er,
1211 1269 1268 1305 for
1283 1269 1387 1305 Him.

440 1763 544 1800 blaze
558 1763 653 1799 thro'
672 1763 733 1799 the
747 1763 847 1806 land,
866 1763 940 1799 Till
958 1764 1019 1799 the
1038 1763 1247 1808 thousands,
1263 1763 1342 1799 who
1355 1761 1479 1809 perish
1494 1762 1534 1797 in
1549 1761 1731 1806 darkness,
1742 1762 1851 1797 Have
1866 1761 1988 1798 bowed
2003 1767 2041 1798 to
2059 1763 2121 1798 the
2134 1762 2293 1799 Savior's
2304 1760 2510 1799 command.
