2115 3189
228 231 317 284 No.
340 232 416 283 50.

525 232 636 284 JOY
666 230 908 284 COMETH
933 232 1002 284 IN
1031 232 1152 283 THE
1183 230 1485 287 MORNING!

303 339 325 353 "
329 338 484 373 Weeping
493 345 570 371 may
580 339 699 367 endure
709 339 757 366 for
767 346 787 366 a
797 339 900 372 night,
910 340 968 367 but
976 340 1032 373 joy
1044 340 1171 369 cometh
1182 341 1217 368 in
1228 341 1285 368 the
1295 340 1477 376 morning."
1506 341 1613 370 Psalm
1622 342 1664 370 30
1663 349 1673 369 :
1687 343 1712 369 5.

261 393 346 421 MRS.
357 393 401 420 M.
413 393 457 420 M.
469 392 714 421 WEINLAND.

1498 395 1577 423 E.S.
1589 395 1764 425 LORENZ.

359 652 392 687 1.
416 651 484 696 Oh,
518 663 628 691 wea-
597 672 615 680 -
623 663 667 696 ry
697 651 875 698 pil-grim,
887 651 951 688 lift
963 664 1056 697 your
1066 652 1170 698 head,
1183 653 1257 689 For
1265 655 1327 699 joy
1338 654 1480 690 cometh
1496 655 1536 689 in
1550 654 1613 690 the
1624 655 1807 702 morning!

359 709 391 742 2.
414 707 473 742 Ye
515 707 661 743 fee-ble
581 727 595 735 -
671 708 795 752 saints,
805 707 949 744 dismiss
964 719 1057 754 your
1066 708 1172 753 fears,
1183 709 1255 745 For
1264 711 1326 755 joy
1339 710 1485 746 cometh
1500 711 1539 745 in
1554 710 1620 747 the
1620 711 1807 756 morning!

358 764 392 798 3.
417 763 486 799 Let
530 774 575 798 ev
589 782 604 790 -
622 764 677 806 'ry
694 768 771 798 tear
781 783 793 790 -
801 763 856 799 ful
892 774 958 809 eye
994 764 1038 800 be
1068 764 1147 810 dry,
1183 764 1255 801 For
1263 766 1325 811 joy
1336 766 1480 802 cometh
1496 765 1535 800 in
1551 765 1614 801 the
1625 766 1809 812 morning!

359 819 393 854 4.
416 818 494 854 Our
509 817 589 854 God
608 817 682 853 will
700 818 791 863 wipe
806 830 874 854 our
886 825 980 855 tears
995 830 1019 854 a
1030 839 1044 847 -
1057 830 1148 865 way,
1179 820 1252 857 For
1261 822 1325 867 joy
1338 822 1479 857 cometh
1494 822 1533 856 in
1550 822 1613 857 the
1623 822 1802 868 morning

406 1365 479 1401 For
494 1364 576 1401 God
606 1366 647 1400 in
679 1365 739 1401 his
769 1377 849 1401 own
859 1365 957 1401 word
968 1365 1034 1400 has
1044 1364 1124 1400 said
1134 1364 1232 1400 That
1241 1366 1301 1410 joy
1318 1365 1462 1400 cometh
1472 1366 1514 1399 in
1529 1365 1591 1400 the
1602 1366 1779 1410 morning.

405 1421 493 1457 And
503 1421 663 1467 weeping
670 1432 866 1465 mourners,
874 1421 940 1465 dry
949 1432 1042 1466 your
1051 1425 1157 1464 tears,
1165 1421 1239 1456 For
1245 1422 1306 1466 joy
1322 1421 1465 1456 cometh
1475 1421 1515 1454 in
1529 1420 1590 1455 the
1603 1421 1779 1466 morning.

405 1477 491 1512 And
506 1488 550 1512 ev
565 1496 580 1504 -
594 1478 650 1520 'ry
666 1476 863 1522 trembling
874 1477 1012 1512 sin-ner
1027 1476 1132 1522 hope,
1144 1476 1216 1512 For
1244 1477 1306 1521 joy
1321 1477 1464 1512 cometh
1473 1477 1515 1510 in
1529 1476 1591 1511 the
1603 1476 1780 1522 morning.

403 1533 471 1568 Sor
482 1552 497 1560 -
505 1543 576 1568 row
595 1532 667 1568 and
680 1532 844 1579 sigh-ing
857 1532 924 1568 flee
961 1543 985 1567 a
998 1552 1014 1559 -
1029 1542 1119 1577 way,
1138 1531 1213 1568 For
1239 1533 1303 1577 joy
1317 1532 1462 1567 cometh
1473 1532 1512 1566 in
1526 1531 1590 1566 the
1599 1532 1779 1577 morning.

342 1853 559 1893 CHORUS.

382 2061 457 2106 Joy
466 2061 611 2098 cometh
626 2062 665 2096 in
682 2060 744 2096 the
753 2061 928 2107 morning
932 2061 945 2097 !
967 2059 1041 2105 Joy
1053 2060 1197 2096 cometh
1208 2059 1248 2094 in
1260 2059 1322 2094 the
1333 2059 1501 2105 morning
1511 2060 1520 2094 !
1528 2058 1642 2105 Weeping
1654 2070 1737 2103 may
1748 2071 1808 2094 en-

361 2609 463 2653 dure,
486 2620 572 2653 may
601 2609 753 2645 en-dure
797 2609 856 2645 for
899 2620 923 2643 a
953 2608 1071 2655 night,
1086 2608 1162 2643 But
1185 2607 1246 2656 joy
1296 2608 1440 2643 cometh
1452 2607 1493 2642 in
1509 2607 1571 2642 the
1586 2607 1763 2651 morning.

768 2866 865 2893 From
878 2866 899 2880 "
898 2865 995 2898 Holy
1009 2865 1151 2893 Voices"
1166 2863 1209 2897 by
1222 2871 1289 2899 per.

998 2917 1060 2955 53
