1372 2186
486 240 579 274 FOR
594 239 771 280 PRAISE.

979 242 1066 290 103

194 334 218 362 2
238 326 363 364 Which
377 329 417 364 of
432 330 481 365 all
492 341 553 365 our
564 330 699 370 friends,
716 337 753 368 to
768 343 847 368 save
859 342 910 374 us,

284 372 393 409 Could
408 384 446 408 or
459 375 572 410 would
586 376 670 411 have
684 377 768 411 shed
781 377 836 411 his
848 372 993 415 blood1

237 417 307 452 But
319 417 387 452 this
399 416 539 454 Saviour
554 419 633 454 died
648 425 684 455 to
699 420 785 456 have
800 431 841 455 us

280 459 486 499 Reconciled
500 463 537 496 in
552 462 637 498 Him
652 468 689 498 to
704 464 792 500 God.

191 547 214 583 3
234 538 349 576 When
363 540 421 574 He
434 540 523 576 lived
538 552 583 576 on
598 543 693 576 earth
703 541 837 585 abased,

280 583 404 619 Friend
420 585 458 618 of
475 584 603 621 sinners
616 597 685 621 was
701 587 768 621 His
782 595 897 631 name;

234 626 324 661 Now
339 628 445 663 above
458 629 504 663 all
517 629 614 674 glory
626 629 747 673 raised,

276 671 335 705 He
349 671 487 715 rejoices
501 674 537 706 in
549 674 607 707 the
623 684 728 708 same.

189 755 213 790 4
232 747 289 784 O!
309 748 364 783 for
376 759 476 792 grace
491 760 552 784 our
561 749 674 785 hearts
689 756 726 784 to
740 750 866 793 soften,

278 792 395 827 Teach
408 803 457 835 us,
477 794 582 833 Lord,
598 799 635 828 at
647 794 765 838 length
780 798 818 829 to
835 795 926 830 love:

231 834 307 876 We,
325 837 396 871 alas
410 839 419 870 !
441 837 550 881 forget
565 842 623 872 too
633 838 735 880 often,

275 880 380 915 What
393 892 415 914 a
429 880 553 916 Friend
567 893 618 915 we
632 882 716 916 have
731 882 847 918 above.

188 955 282 988 135
294 956 334 986 P.
348 958 399 987 624
454 956 667 989 DUNBAR.
688 959 724 987 S.
736 958 786 988 MI.
845 958 893 987 M.
904 972 941 982 -
950 957 992 990 B.
1002 960 1057 991 924

277 1028 339 1070 #6

374 1092 386 1111 2

232 1136 289 1204 O

293 1139 359 1172 NE
373 1141 511 1185 sweetly
529 1142 657 1176 solemn
673 1142 819 1186 thought

341 1183 464 1219 Comes
479 1190 516 1219 to
531 1196 587 1219 me
610 1188 679 1220 G'er
693 1187 761 1220 and
773 1188 853 1228 o'er,

227 1225 360 1261 Nearer
373 1239 431 1271 my
446 1230 582 1274 parting
595 1230 685 1264 hour
698 1240 754 1263 am
769 1230 790 1263 I

271 1270 373 1305 Than
388 1273 455 1305 e'er
469 1274 489 1306 I
504 1284 574 1307 was
589 1273 715 1308 before.

184 1342 209 1369 2
229 1335 361 1372 Nearer
371 1349 430 1382 my
446 1339 600 1374 Father's
616 1340 734 1382 house,

273 1381 400 1415 Where
411 1393 512 1425 many
527 1385 698 1418 mansions
714 1384 773 1425 be;

228 1424 360 1458 Nearer
373 1425 433 1459 the
447 1427 568 1461 throne
582 1429 693 1462 where
702 1429 800 1472 Jesus
815 1429 961 1475 reign,-

271 1469 403 1504 Nearer
417 1471 477 1504 the
492 1471 613 1514 crystal
628 1482 699 1514 sea;

184 1542 206 1578 3
227 1535 357 1571 Nearer
369 1547 428 1580 my
442 1539 546 1582 going
557 1539 670 1580 home,

271 1580 403 1624 Laying
416 1592 474 1623 my
484 1582 612 1616 burden
627 1584 738 1627 down,

226 1623 377 1667 Leaving
391 1636 448 1668 my
463 1636 555 1660 cross
571 1627 610 1660 of
626 1628 735 1671 heavy
749 1626 845 1672 grief,

271 1669 432 1712 Wearing
445 1680 504 1713 my
518 1677 625 1714 starry
641 1682 768 1713 crown;

183 1754 206 1790 4
225 1746 357 1782 Nearer
366 1748 441 1782 that
457 1749 582 1784 hidden
594 1755 727 1793 stream,

267 1790 429 1837 Winding
438 1793 584 1838 through
594 1796 715 1830 shades
730 1795 770 1829 of
785 1795 895 1840 night,

224 1834 366 1880 Rolling
374 1836 419 1870 its
434 1837 522 1880 cold,
542 1839 626 1872 dark
641 1849 752 1874 waves
768 1840 922 1875 between

272 1877 333 1913 Me
347 1880 415 1915 and
429 1881 488 1916 the
502 1882 608 1917 world
622 1883 662 1917 of
677 1884 776 1928 light.
