<?xml version="1.0" encoding="UTF-8"?>
<pc:PcGts xmlns:pc="http://schema.primaresearch.org/PAGE/gts/pagecontent/2019-07-15" xmlns:xsi="http://www.w3.org/2001/XMLSchema-instance" xsi:schemaLocation="http://schema.primaresearch.org/PAGE/gts/pagecontent/2019-07-15 http://schema.primaresearch.org/PAGE/gts/pagecontent/2019-07-15/pagecontent.xsd">
    <pc:Metadata>
        <pc:Creator>OCR-D/core 2.50.0</pc:Creator>
        <pc:Created>2023-05-03T15:38:01.577003</pc:Created>
        <pc:LastChange>2023-05-03T15:38:01.577003</pc:LastChange>
    </pc:Metadata>
    <pc:Page imageFilename="images/1883-Select-EMU-0019.jpg" imageWidth="1384" imageHeight="2143">
        <pc:TextRegion id="region-5a8576a9-69d2-4e2a-93ad-e4fe0b33849d">
            <pc:Coords points="76,71 1306,99 1300,2079 81,2066"/>
            <pc:TextLine id="line-af474b2b-cb1c-49b5-aa61-1f414387bcbc">
                <pc:Coords points="544,194 833,201 833,237 544,231"/>
                <pc:Word id="word-9dcd76cb-f7ba-4b08-84e6-4c580a3140dc">
                    <pc:Coords points="544,201 635,203 635,233 544,231"/>
                    <pc:TextEquiv>
                        <pc:Unicode>FOR</pc:Unicode>
                    </pc:TextEquiv>
                </pc:Word>
                <pc:Word id="word-e508ab8a-4347-4ca7-9cc5-92d120fb1e56">
                    <pc:Coords points="660,197 833,201 833,234 660,230"/>
                    <pc:TextEquiv>
                        <pc:Unicode>PRAISE.</pc:Unicode>
                    </pc:TextEquiv>
                </pc:Word>
                <pc:TextEquiv>
                    <pc:Unicode>FOR PRAISE.</pc:Unicode>
                </pc:TextEquiv>
            </pc:TextLine>
            <pc:TextLine id="line-a8efbc39-0866-4988-b879-7f58c15fe6e0">
                <pc:Coords points="1064,193 1114,195 1114,228 1064,227"/>
                <pc:Word id="word-b8395f4a-c6eb-4421-91a0-cbe4828b8b97">
                    <pc:Coords points="1064,193 1114,195 1114,228 1064,227"/>
                    <pc:TextEquiv>
                        <pc:Unicode>II</pc:Unicode>
                    </pc:TextEquiv>
                </pc:Word>
                <pc:TextEquiv>
                    <pc:Unicode>II</pc:Unicode>
                </pc:TextEquiv>
            </pc:TextLine>
            <pc:TextLine id="line-014ae4d9-3aa0-4a26-b76e-86364073b82f">
                <pc:Coords points="255,274 899,288 899,351 255,337"/>
                <pc:Word id="word-71daf7c3-b9d8-4f5a-99b8-17574df0b7ef">
                    <pc:Coords points="255,298 276,299 276,337 255,337"/>
                    <pc:TextEquiv>
                        <pc:Unicode>5</pc:Unicode>
                    </pc:TextEquiv>
                </pc:Word>
                <pc:Word id="word-3860b43c-2df7-47e0-a3ed-a8cd6e2d2ed6">
                    <pc:Coords points="298,293 365,295 365,327 298,326"/>
                    <pc:TextEquiv>
                        <pc:Unicode>But</pc:Unicode>
                    </pc:TextEquiv>
                </pc:Word>
                <pc:Word id="word-867f7220-9222-4bf0-9963-a0e91d0e3688">
                    <pc:Coords points="381,291 476,293 476,327 381,325"/>
                    <pc:TextEquiv>
                        <pc:Unicode>while</pc:Unicode>
                    </pc:TextEquiv>
                </pc:Word>
                <pc:Word id="word-51b1b0cc-0c02-4225-84a8-b2c14c53b212">
                    <pc:Coords points="493,291 510,291 510,325 494,324"/>
                    <pc:TextEquiv>
                        <pc:Unicode>I</pc:Unicode>
                    </pc:TextEquiv>
                </pc:Word>
                <pc:Word id="word-4423460d-50ff-48bc-9480-8be90809233a">
                    <pc:Coords points="533,290 611,292 611,323 533,322"/>
                    <pc:TextEquiv>
                        <pc:Unicode>thus</pc:Unicode>
                    </pc:TextEquiv>
                </pc:Word>
                <pc:Word id="word-b309c706-cc72-4c25-b45f-6efe5cf112bd">
                    <pc:Coords points="627,289 660,290 660,321 627,321"/>
                    <pc:TextEquiv>
                        <pc:Unicode>in</pc:Unicode>
                    </pc:TextEquiv>
                </pc:Word>
                <pc:Word id="word-22454ad8-a19a-48fb-b996-589b62a51cb1">
                    <pc:Coords points="677,285 817,289 817,333 677,330"/>
                    <pc:TextEquiv>
                        <pc:Unicode>anguish</pc:Unicode>
                    </pc:TextEquiv>
                </pc:Word>
                <pc:Word id="word-3faa8cb6-e8f6-4928-a020-b034553015b5">
                    <pc:Coords points="832,287 899,288 899,330 832,329"/>
                    <pc:TextEquiv>
                        <pc:Unicode>lay,</pc:Unicode>
                    </pc:TextEquiv>
                </pc:Word>
                <pc:TextEquiv>
                    <pc:Unicode>5 But while I thus in anguish lay,</pc:Unicode>
                </pc:TextEquiv>
            </pc:TextLine>
            <pc:TextLine id="line-0d828e41-289a-4063-a74d-6ba9797feadb">
                <pc:Coords points="299,319 1008,334 1007,390 299,375"/>
                <pc:Word id="word-90413ced-728b-4a81-abd1-0b3531245409">
                    <pc:Coords points="299,337 374,338 374,371 299,369"/>
                    <pc:TextEquiv>
                        <pc:Unicode>The</pc:Unicode>
                    </pc:TextEquiv>
                </pc:Word>
                <pc:Word id="word-42848c2c-2fd7-46fe-954e-a92377c671f0">
                    <pc:Coords points="384,333 536,336 536,380 384,377"/>
                    <pc:TextEquiv>
                        <pc:Unicode>gracious</pc:Unicode>
                    </pc:TextEquiv>
                </pc:Word>
                <pc:Word id="word-8d27fcd9-defd-43e2-a85e-b46c96f919b5">
                    <pc:Coords points="553,332 690,335 690,370 553,367"/>
                    <pc:TextEquiv>
                        <pc:Unicode>Saviour</pc:Unicode>
                    </pc:TextEquiv>
                </pc:Word>
                <pc:Word id="word-66bd07c4-cbdf-41f2-89ac-c831838bc9f7">
                    <pc:Coords points="705,329 826,332 826,378 705,375"/>
                    <pc:TextEquiv>
                        <pc:Unicode>passed</pc:Unicode>
                    </pc:TextEquiv>
                </pc:Word>
                <pc:Word id="word-be4c67f9-c923-4c61-8d55-73aa7aee2f91">
                    <pc:Coords points="843,331 909,332 909,364 843,363"/>
                    <pc:TextEquiv>
                        <pc:Unicode>this</pc:Unicode>
                    </pc:TextEquiv>
                </pc:Word>
                <pc:Word id="word-ed4651e4-410d-4c9e-91bc-6f5967539fa9">
                    <pc:Coords points="926,339 1008,341 1007,373 926,371"/>
                    <pc:TextEquiv>
                        <pc:Unicode>way,</pc:Unicode>
                    </pc:TextEquiv>
                </pc:Word>
                <pc:TextEquiv>
                    <pc:Unicode>The gracious Saviour passed this way,</pc:Unicode>
                </pc:TextEquiv>
            </pc:TextLine>
            <pc:TextLine id="line-d0034cad-ba55-494b-b883-3cd104206e68">
                <pc:Coords points="345,371 799,381 799,422 345,413"/>
                <pc:Word id="word-c89dce45-d1a0-4604-af28-d5ea7479dd8b">
                    <pc:Coords points="345,379 421,381 421,412 345,411"/>
                    <pc:TextEquiv>
                        <pc:Unicode>And</pc:Unicode>
                    </pc:TextEquiv>
                </pc:Word>
                <pc:Word id="word-502c70de-efbc-4ea4-97d3-394460281965">
                    <pc:Coords points="437,378 496,380 496,411 437,410"/>
                    <pc:TextEquiv>
                        <pc:Unicode>felt</pc:Unicode>
                    </pc:TextEquiv>
                </pc:Word>
                <pc:Word id="word-f9b7d9f1-01fc-4ca7-aec2-0913adfdbcfa">
                    <pc:Coords points="512,377 579,378 579,411 512,410"/>
                    <pc:TextEquiv>
                        <pc:Unicode>His</pc:Unicode>
                    </pc:TextEquiv>
                </pc:Word>
                <pc:Word id="word-fba5d610-c163-4840-9ca2-24303d0eb29a">
                    <pc:Coords points="596,377 665,378 665,420 596,418"/>
                    <pc:TextEquiv>
                        <pc:Unicode>pity</pc:Unicode>
                    </pc:TextEquiv>
                </pc:Word>
                <pc:Word id="word-28d02f51-1d31-464f-b23a-f4c047a3a396">
                    <pc:Coords points="679,385 799,387 799,416 679,414"/>
                    <pc:TextEquiv>
                        <pc:Unicode>move;</pc:Unicode>
                    </pc:TextEquiv>
                </pc:Word>
                <pc:TextEquiv>
                    <pc:Unicode>And felt His pity move;</pc:Unicode>
                </pc:TextEquiv>
            </pc:TextLine>
            <pc:TextLine id="line-cc0a17b6-d803-478f-b73b-4f62f6a38d04">
                <pc:Coords points="298,407 894,420 894,469 298,457"/>
                <pc:Word id="word-417e2c89-7141-4655-904f-30030fa17077">
                    <pc:Coords points="298,423 374,425 374,458 298,456"/>
                    <pc:TextEquiv>
                        <pc:Unicode>The</pc:Unicode>
                    </pc:TextEquiv>
                </pc:Word>
                <pc:Word id="word-0cef1bd5-0d88-4477-b89f-bf1426648ad6">
                    <pc:Coords points="389,422 511,425 511,461 389,459"/>
                    <pc:TextEquiv>
                        <pc:Unicode>sinner,</pc:Unicode>
                    </pc:TextEquiv>
                </pc:Word>
                <pc:Word id="word-87ec94bb-5d2a-4d31-80b7-b68e39600e62">
                    <pc:Coords points="531,420 575,421 575,462 531,461"/>
                    <pc:TextEquiv>
                        <pc:Unicode>by</pc:Unicode>
                    </pc:TextEquiv>
                </pc:Word>
                <pc:Word id="word-ffeb297d-f320-45ec-b563-786090644eea">
                    <pc:Coords points="591,420 643,421 643,452 591,451"/>
                    <pc:TextEquiv>
                        <pc:Unicode>his</pc:Unicode>
                    </pc:TextEquiv>
                </pc:Word>
                <pc:Word id="word-b4a3651b-b04e-40eb-8cb4-65cee9da97bb">
                    <pc:Coords points="662,418 784,420 784,462 662,460"/>
                    <pc:TextEquiv>
                        <pc:Unicode>justice</pc:Unicode>
                    </pc:TextEquiv>
                </pc:Word>
                <pc:Word id="word-019b0818-26b5-43df-8990-af50ae656454">
                    <pc:Coords points="798,418 894,420 894,459 798,457"/>
                    <pc:TextEquiv>
                        <pc:Unicode>slain,</pc:Unicode>
                    </pc:TextEquiv>
                </pc:Word>
                <pc:TextEquiv>
                    <pc:Unicode>The sinner, by his justice slain,</pc:Unicode>
                </pc:TextEquiv>
            </pc:TextLine>
            <pc:TextLine id="line-ecd53660-d5f6-42c3-90da-915f9d12a88a">
                <pc:Coords points="296,451 899,463 899,517 296,505"/>
                <pc:Word id="word-c9437343-b378-4abc-8e14-739c8e7bcda1">
                    <pc:Coords points="296,468 385,470 385,502 296,500"/>
                    <pc:TextEquiv>
                        <pc:Unicode>Now</pc:Unicode>
                    </pc:TextEquiv>
                </pc:Word>
                <pc:Word id="word-e832518c-806d-42ec-94ea-10e6d510a184">
                    <pc:Coords points="401,466 445,467 445,508 401,507"/>
                    <pc:TextEquiv>
                        <pc:Unicode>by</pc:Unicode>
                    </pc:TextEquiv>
                </pc:Word>
                <pc:Word id="word-72eed144-3b03-40de-b335-e0f423f6834b">
                    <pc:Coords points="462,465 530,466 530,499 462,497"/>
                    <pc:TextEquiv>
                        <pc:Unicode>His</pc:Unicode>
                    </pc:TextEquiv>
                </pc:Word>
                <pc:Word id="word-e22fb96e-4d5a-4728-875f-ce994e67aaab">
                    <pc:Coords points="544,472 641,474 641,508 544,506"/>
                    <pc:TextEquiv>
                        <pc:Unicode>grace</pc:Unicode>
                    </pc:TextEquiv>
                </pc:Word>
                <pc:Word id="word-dda76efb-9cf0-431f-bb2b-d87015670244">
                    <pc:Coords points="657,463 684,464 684,495 657,495"/>
                    <pc:TextEquiv>
                        <pc:Unicode>is</pc:Unicode>
                    </pc:TextEquiv>
                </pc:Word>
                <pc:Word id="word-c03eafc7-f31a-46b3-9030-86fa4992110f">
                    <pc:Coords points="702,463 783,464 783,496 702,494"/>
                    <pc:TextEquiv>
                        <pc:Unicode>born</pc:Unicode>
                    </pc:TextEquiv>
                </pc:Word>
                <pc:Word id="word-3d1b3391-f38e-4adc-8b78-d31ca02ee458">
                    <pc:Coords points="798,461 899,463 899,507 798,505"/>
                    <pc:TextEquiv>
                        <pc:Unicode>again</pc:Unicode>
                    </pc:TextEquiv>
                </pc:Word>
                <pc:TextEquiv>
                    <pc:Unicode>Now by His grace is born again</pc:Unicode>
                </pc:TextEquiv>
            </pc:TextLine>
            <pc:TextLine id="line-4664e087-3445-4e96-9202-135445f5190c">
                <pc:Coords points="342,499 840,509 840,557 342,547"/>
                <pc:Word id="word-07cd12ce-c1f5-4522-88b7-6c2487dc4a2a">
                    <pc:Coords points="342,509 422,511 422,544 342,543"/>
                    <pc:TextEquiv>
                        <pc:Unicode>And</pc:Unicode>
                    </pc:TextEquiv>
                </pc:Word>
                <pc:Word id="word-ddc79da7-8d2e-40e8-a1cf-20d42408d25d">
                    <pc:Coords points="438,509 529,511 529,551 438,549"/>
                    <pc:TextEquiv>
                        <pc:Unicode>sings</pc:Unicode>
                    </pc:TextEquiv>
                </pc:Word>
                <pc:Word id="word-ae32b781-1cf9-4957-9dd0-d9dea0aef36d">
                    <pc:Coords points="544,505 735,509 735,548 544,544"/>
                    <pc:TextEquiv>
                        <pc:Unicode>redeeming</pc:Unicode>
                    </pc:TextEquiv>
                </pc:Word>
                <pc:Word id="word-777af6e0-f8fa-471b-ba07-310d3d04bdd5">
                    <pc:Coords points="751,507 840,509 840,541 751,539"/>
                    <pc:TextEquiv>
                        <pc:Unicode>love.</pc:Unicode>
                    </pc:TextEquiv>
                </pc:Word>
                <pc:TextEquiv>
                    <pc:Unicode>And sings redeeming love.</pc:Unicode>
                </pc:TextEquiv>
            </pc:TextLine>
            <pc:TextLine id="line-b1af7f8e-e1e6-4199-8357-536d80a46959">
                <pc:Coords points="252,542 1119,559 1119,613 252,596"/>
                <pc:Word id="word-360346ac-4dff-4075-8371-3702da54fa4f">
                    <pc:Coords points="252,565 300,566 300,597 252,596"/>
                    <pc:TextEquiv>
                        <pc:Unicode>11</pc:Unicode>
                    </pc:TextEquiv>
                </pc:Word>
                <pc:Word id="word-2973d00c-7406-4e5b-84d3-04012a7fe3f9">
                    <pc:Coords points="318,566 354,567 354,595 318,595"/>
                    <pc:TextEquiv>
                        <pc:Unicode>P.</pc:Unicode>
                    </pc:TextEquiv>
                </pc:Word>
                <pc:Word id="word-b8e66587-7d8b-440f-ba9a-1d3bddd528ca">
                    <pc:Coords points="370,564 420,565 420,593 370,592"/>
                    <pc:TextEquiv>
                        <pc:Unicode>121</pc:Unicode>
                    </pc:TextEquiv>
                </pc:Word>
                <pc:Word id="word-c2c1f2da-b38f-483a-9222-da4159d9d9d1">
                    <pc:Coords points="442,559 618,562 618,593 442,589"/>
                    <pc:TextEquiv>
                        <pc:Unicode>LOVING</pc:Unicode>
                    </pc:TextEquiv>
                </pc:Word>
                <pc:Word id="word-d504e8a5-dec3-4ce1-8978-19bfec50477d">
                    <pc:Coords points="652,557 893,561 893,592 652,587"/>
                    <pc:TextEquiv>
                        <pc:Unicode>KINDNESS.</pc:Unicode>
                    </pc:TextEquiv>
                </pc:Word>
                <pc:Word id="word-0089a2c7-7753-434b-9536-0035eee27c7f">
                    <pc:Coords points="912,559 1001,560 1001,589 912,587"/>
                    <pc:TextEquiv>
                        <pc:Unicode>M.-,</pc:Unicode>
                    </pc:TextEquiv>
                </pc:Word>
                <pc:Word id="word-d6c37cf4-2207-48eb-84e7-98b04a8fb27f">
                    <pc:Coords points="1014,558 1053,559 1053,588 1014,587"/>
                    <pc:TextEquiv>
                        <pc:Unicode>B.</pc:Unicode>
                    </pc:TextEquiv>
                </pc:Word>
                <pc:Word id="word-065b0373-f829-4cdb-aad7-d0dd739cb8a1">
                    <pc:Coords points="1067,558 1119,559 1119,589 1067,588"/>
                    <pc:TextEquiv>
                        <pc:Unicode>555</pc:Unicode>
                    </pc:TextEquiv>
                </pc:Word>
                <pc:TextEquiv>
                    <pc:Unicode>11 P. 121 LOVING KINDNESS. M.-, B. 555</pc:Unicode>
                </pc:TextEquiv>
            </pc:TextLine>
            <pc:TextLine id="line-9faa69b0-04c4-473b-b8bf-6f5fa9e87453">
                <pc:Coords points="298,755 364,756 364,819 298,818"/>
                <pc:Word id="word-99ead86d-3b31-424c-89ef-d24ac4320165">
                    <pc:Coords points="298,755 364,756 364,819 298,818"/>
                    <pc:TextEquiv>
                        <pc:Unicode>A</pc:Unicode>
                    </pc:TextEquiv>
                </pc:Word>
                <pc:TextEquiv>
                    <pc:Unicode>A</pc:Unicode>
                </pc:TextEquiv>
            </pc:TextLine>
            <pc:TextLine id="line-e90854e9-bbbb-4090-860a-95b00b544619">
                <pc:Coords points="366,741 981,752 981,803 366,791"/>
                <pc:Word id="word-6cb2217c-b350-4ff4-9077-4f49f633fe61">
                    <pc:Coords points="366,753 522,756 522,794 366,791"/>
                    <pc:TextEquiv>
                        <pc:Unicode>WAKE,</pc:Unicode>
                    </pc:TextEquiv>
                </pc:Word>
                <pc:Word id="word-b06ab69e-e0db-4e05-bea4-b49d9a3f1c22">
                    <pc:Coords points="542,764 600,765 600,796 542,795"/>
                    <pc:TextEquiv>
                        <pc:Unicode>my</pc:Unicode>
                    </pc:TextEquiv>
                </pc:Word>
                <pc:Word id="word-0ce50427-c7f6-43cd-9717-b3423d86e0df">
                    <pc:Coords points="616,752 698,753 698,791 616,790"/>
                    <pc:TextEquiv>
                        <pc:Unicode>soul,</pc:Unicode>
                    </pc:TextEquiv>
                </pc:Word>
                <pc:Word id="word-96021154-347e-4581-b742-cea2327bd590">
                    <pc:Coords points="719,752 752,752 752,784 719,784"/>
                    <pc:TextEquiv>
                        <pc:Unicode>in</pc:Unicode>
                    </pc:TextEquiv>
                </pc:Word>
                <pc:Word id="word-7d32eab3-25bf-43c0-9afc-c6aba1f1b75f">
                    <pc:Coords points="773,749 882,751 882,796 773,794"/>
                    <pc:TextEquiv>
                        <pc:Unicode>joyful</pc:Unicode>
                    </pc:TextEquiv>
                </pc:Word>
                <pc:Word id="word-3821a78c-6ea6-426e-a468-5dcdd9260e10">
                    <pc:Coords points="897,751 981,752 981,795 897,793"/>
                    <pc:TextEquiv>
                        <pc:Unicode>lays,</pc:Unicode>
                    </pc:TextEquiv>
                </pc:Word>
                <pc:TextEquiv>
                    <pc:Unicode>WAKE, my soul, in joyful lays,</pc:Unicode>
                </pc:TextEquiv>
            </pc:TextLine>
            <pc:TextLine id="line-6591f814-7784-4d46-92eb-5c6f027f6535">
                <pc:Coords points="385,781 1114,795 1114,851 385,837"/>
                <pc:Word id="word-93598d19-d235-46b0-ba11-5c80d90ca1f3">
                    <pc:Coords points="385,798 464,799 464,832 385,830"/>
                    <pc:TextEquiv>
                        <pc:Unicode>And</pc:Unicode>
                    </pc:TextEquiv>
                </pc:Word>
                <pc:Word id="word-132ae9a8-30a7-42b5-91a1-47ee649a0819">
                    <pc:Coords points="480,798 555,799 555,841 480,839"/>
                    <pc:TextEquiv>
                        <pc:Unicode>sing</pc:Unicode>
                    </pc:TextEquiv>
                </pc:Word>
                <pc:Word id="word-25434bf0-bad8-4dbc-bc74-b6bd55757138">
                    <pc:Coords points="569,797 627,798 627,839 569,838"/>
                    <pc:TextEquiv>
                        <pc:Unicode>thy</pc:Unicode>
                    </pc:TextEquiv>
                </pc:Word>
                <pc:Word id="word-7bd12c92-a084-4d64-94c3-8e82aad359df">
                    <pc:Coords points="642,799 736,801 736,841 642,839"/>
                    <pc:TextEquiv>
                        <pc:Unicode>great</pc:Unicode>
                    </pc:TextEquiv>
                </pc:Word>
                <pc:Word id="word-5bc1edda-9d71-454e-938b-828998cf62e9">
                    <pc:Coords points="760,792 971,796 971,831 760,827"/>
                    <pc:TextEquiv>
                        <pc:Unicode>Redeemer's</pc:Unicode>
                    </pc:TextEquiv>
                </pc:Word>
                <pc:Word id="word-a15b10fd-534a-496d-bb08-c4df65fd66d2">
                    <pc:Coords points="987,792 1114,795 1114,841 987,839"/>
                    <pc:TextEquiv>
                        <pc:Unicode>praise.</pc:Unicode>
                    </pc:TextEquiv>
                </pc:Word>
                <pc:TextEquiv>
                    <pc:Unicode>And sing thy great Redeemer's praise.</pc:Unicode>
                </pc:TextEquiv>
            </pc:TextLine>
            <pc:TextLine id="line-475665be-2347-48ee-b5c6-6e1eec786e4a">
                <pc:Coords points="294,829 954,841 954,894 294,882"/>
                <pc:Word id="word-847b366c-a07d-4b18-b901-127b9cc6e3df">
                    <pc:Coords points="294,842 354,843 354,876 294,875"/>
                    <pc:TextEquiv>
                        <pc:Unicode>He</pc:Unicode>
                    </pc:TextEquiv>
                </pc:Word>
                <pc:Word id="word-5893fd6f-c8ff-460d-9e61-8b7ee26799b8">
                    <pc:Coords points="373,841 476,843 476,885 373,884"/>
                    <pc:TextEquiv>
                        <pc:Unicode>justly</pc:Unicode>
                    </pc:TextEquiv>
                </pc:Word>
                <pc:Word id="word-5a6511c8-87f1-4e06-9ab7-e3c5c6a7e34e">
                    <pc:Coords points="491,841 607,843 607,876 491,874"/>
                    <pc:TextEquiv>
                        <pc:Unicode>claims</pc:Unicode>
                    </pc:TextEquiv>
                </pc:Word>
                <pc:Word id="word-b1e788ce-8010-4429-8458-ad84e6122da2">
                    <pc:Coords points="619,852 639,852 639,873 619,872"/>
                    <pc:TextEquiv>
                        <pc:Unicode>a</pc:Unicode>
                    </pc:TextEquiv>
                </pc:Word>
                <pc:Word id="word-cecdf9a3-8cbc-45b2-8b21-15dd4d3ef3d2">
                    <pc:Coords points="655,849 739,850 739,882 655,880"/>
                    <pc:TextEquiv>
                        <pc:Unicode>song</pc:Unicode>
                    </pc:TextEquiv>
                </pc:Word>
                <pc:Word id="word-6537fa78-a38b-4a48-8d38-96b3dd10d4c8">
                    <pc:Coords points="754,839 838,841 838,872 754,870"/>
                    <pc:TextEquiv>
                        <pc:Unicode>from</pc:Unicode>
                    </pc:TextEquiv>
                </pc:Word>
                <pc:Word id="word-16b0e57a-7092-4e42-b5f8-8f10773081eb">
                    <pc:Coords points="855,839 954,841 954,877 855,876"/>
                    <pc:TextEquiv>
                        <pc:Unicode>thee;</pc:Unicode>
                    </pc:TextEquiv>
                </pc:Word>
                <pc:TextEquiv>
                    <pc:Unicode>He justly claims a song from thee;</pc:Unicode>
                </pc:TextEquiv>
            </pc:TextLine>
            <pc:TextLine id="line-59d180a8-21f5-423e-aaa0-932cbc06bd99">
                <pc:Coords points="295,871 939,883 939,936 295,924"/>
                <pc:Word id="word-07fbeb34-108c-49a7-864e-d13452f05706">
                    <pc:Coords points="295,885 363,886 363,920 295,918"/>
                    <pc:TextEquiv>
                        <pc:Unicode>His</pc:Unicode>
                    </pc:TextEquiv>
                </pc:Word>
                <pc:Word id="word-1f7ea1e5-d749-4cb3-a678-07d908deee0d">
                    <pc:Coords points="378,881 675,887 675,931 378,926"/>
                    <pc:TextEquiv>
                        <pc:Unicode>loving-kindness,</pc:Unicode>
                    </pc:TextEquiv>
                </pc:Word>
                <pc:Word id="word-0b373f23-2933-49af-a2e3-fea9404fcac7">
                    <pc:Coords points="696,883 750,884 750,918 696,917"/>
                    <pc:TextEquiv>
                        <pc:Unicode>O!</pc:Unicode>
                    </pc:TextEquiv>
                </pc:Word>
                <pc:Word id="word-1bf6455a-98e1-4a98-9e4c-3aa55b514551">
                    <pc:Coords points="771,882 848,884 848,915 771,914"/>
                    <pc:TextEquiv>
                        <pc:Unicode>how</pc:Unicode>
                    </pc:TextEquiv>
                </pc:Word>
                <pc:Word id="word-9bd6f8f4-5aa7-466c-aba7-12ed918d6db7">
                    <pc:Coords points="863,881 939,883 939,915 863,914"/>
                    <pc:TextEquiv>
                        <pc:Unicode>free</pc:Unicode>
                    </pc:TextEquiv>
                </pc:Word>
                <pc:TextEquiv>
                    <pc:Unicode>His loving-kindness, O! how free</pc:Unicode>
                </pc:TextEquiv>
            </pc:TextLine>
            <pc:TextLine id="line-61317faa-279b-425d-b9c8-f8ab3ab4b68e">
                <pc:Coords points="295,928 841,937 841,983 295,973"/>
                <pc:Word id="word-d04bbb9b-fc01-4668-88d7-b47f1af16dd1">
                    <pc:Coords points="295,941 353,942 353,974 295,973"/>
                    <pc:TextEquiv>
                        <pc:Unicode>He</pc:Unicode>
                    </pc:TextEquiv>
                </pc:Word>
                <pc:Word id="word-bd869d5d-a2ad-4851-8221-89759126586d">
                    <pc:Coords points="367,950 436,951 436,974 367,973"/>
                    <pc:TextEquiv>
                        <pc:Unicode>saw</pc:Unicode>
                    </pc:TextEquiv>
                </pc:Word>
                <pc:Word id="word-4a95cd8e-4951-4f45-a60e-c2113bf6ccf5">
                    <pc:Coords points="451,950 504,951 504,972 451,971"/>
                    <pc:TextEquiv>
                        <pc:Unicode>me</pc:Unicode>
                    </pc:TextEquiv>
                </pc:Word>
                <pc:Word id="word-7aa5ba45-8675-4853-b1ea-46530357977a">
                    <pc:Coords points="520,936 635,938 635,973 520,971"/>
                    <pc:TextEquiv>
                        <pc:Unicode>ruined</pc:Unicode>
                    </pc:TextEquiv>
                </pc:Word>
                <pc:Word id="word-a8950bc9-a579-4dfd-9a52-e0b63113f241">
                    <pc:Coords points="651,938 684,939 684,971 651,970"/>
                    <pc:TextEquiv>
                        <pc:Unicode>in</pc:Unicode>
                    </pc:TextEquiv>
                </pc:Word>
                <pc:Word id="word-50e8165d-90ec-437c-8cb8-a13f4878cdf8">
                    <pc:Coords points="700,937 759,938 759,971 700,970"/>
                    <pc:TextEquiv>
                        <pc:Unicode>the</pc:Unicode>
                    </pc:TextEquiv>
                </pc:Word>
                <pc:Word id="word-d7b5d267-d078-473b-bf6f-e8cb40e0e6f8">
                    <pc:Coords points="772,936 841,937 841,976 772,975"/>
                    <pc:TextEquiv>
                        <pc:Unicode>fall,</pc:Unicode>
                    </pc:TextEquiv>
                </pc:Word>
                <pc:TextEquiv>
                    <pc:Unicode>He saw me ruined in the fall,</pc:Unicode>
                </pc:TextEquiv>
            </pc:TextLine>
            <pc:TextLine id="line-fd5a7fa1-5e54-4c58-9ec0-efa1aad7db62">
                <pc:Coords points="294,969 944,980 944,1030 294,1019"/>
                <pc:Word id="word-3df4c583-952f-41f2-81e5-a81037131ed9">
                    <pc:Coords points="294,986 363,987 363,1019 294,1018"/>
                    <pc:TextEquiv>
                        <pc:Unicode>Yet</pc:Unicode>
                    </pc:TextEquiv>
                </pc:Word>
                <pc:Word id="word-69d87e6b-9be1-49eb-85a9-2763ad0ba0cd">
                    <pc:Coords points="376,982 473,984 473,1018 376,1016"/>
                    <pc:TextEquiv>
                        <pc:Unicode>loved</pc:Unicode>
                    </pc:TextEquiv>
                </pc:Word>
                <pc:Word id="word-da8a684e-b8ac-460d-8a7f-579deb3d8372">
                    <pc:Coords points="489,993 552,994 552,1023 489,1022"/>
                    <pc:TextEquiv>
                        <pc:Unicode>me,</pc:Unicode>
                    </pc:TextEquiv>
                </pc:Word>
                <pc:Word id="word-b52b4401-eda5-4792-8ab1-f3f3abdfd58d">
                    <pc:Coords points="572,977 870,982 870,1024 572,1019"/>
                    <pc:TextEquiv>
                        <pc:Unicode>notwithstanding</pc:Unicode>
                    </pc:TextEquiv>
                </pc:Word>
                <pc:Word id="word-a9a8763c-78b2-4e1d-b39e-99ed145bbd49">
                    <pc:Coords points="883,979 944,980 944,1020 883,1019"/>
                    <pc:TextEquiv>
                        <pc:Unicode>all;</pc:Unicode>
                    </pc:TextEquiv>
                </pc:Word>
                <pc:TextEquiv>
                    <pc:Unicode>Yet loved me, notwithstanding all;</pc:Unicode>
                </pc:TextEquiv>
            </pc:TextLine>
            <pc:TextLine id="line-873d8f9e-bf95-40e3-9d4a-ab1845b11e3e">
                <pc:Coords points="296,1018 934,1029 934,1072 296,1061"/>
                <pc:Word id="word-9c594305-1aa6-4603-ae31-c33686a3710f">
                    <pc:Coords points="296,1029 355,1030 355,1062 296,1061"/>
                    <pc:TextEquiv>
                        <pc:Unicode>He</pc:Unicode>
                    </pc:TextEquiv>
                </pc:Word>
                <pc:Word id="word-2a459f75-206f-4cbb-80fb-e8c915449208">
                    <pc:Coords points="370,1026 470,1028 470,1062 370,1060"/>
                    <pc:TextEquiv>
                        <pc:Unicode>saved</pc:Unicode>
                    </pc:TextEquiv>
                </pc:Word>
                <pc:Word id="word-4d554ec2-4ebf-4d78-a199-a540e3688c83">
                    <pc:Coords points="485,1037 539,1038 539,1059 485,1058"/>
                    <pc:TextEquiv>
                        <pc:Unicode>me</pc:Unicode>
                    </pc:TextEquiv>
                </pc:Word>
                <pc:Word id="word-68e8576d-c7de-489b-90c7-0a5035649b1b">
                    <pc:Coords points="553,1026 639,1027 639,1059 553,1058"/>
                    <pc:TextEquiv>
                        <pc:Unicode>from</pc:Unicode>
                    </pc:TextEquiv>
                </pc:Word>
                <pc:Word id="word-8ec512b8-1992-42f8-9264-7fe5d6ad9099">
                    <pc:Coords points="656,1035 711,1036 711,1068 656,1067"/>
                    <pc:TextEquiv>
                        <pc:Unicode>my</pc:Unicode>
                    </pc:TextEquiv>
                </pc:Word>
                <pc:Word id="word-f61500b0-3f11-4ea7-8d76-02b5e682a215">
                    <pc:Coords points="726,1025 792,1026 792,1058 726,1057"/>
                    <pc:TextEquiv>
                        <pc:Unicode>lost</pc:Unicode>
                    </pc:TextEquiv>
                </pc:Word>
                <pc:Word id="word-a7feb281-79d9-49b2-9790-c4f91be78d22">
                    <pc:Coords points="807,1028 934,1030 934,1064 807,1062"/>
                    <pc:TextEquiv>
                        <pc:Unicode>estate;</pc:Unicode>
                    </pc:TextEquiv>
                </pc:Word>
                <pc:TextEquiv>
                    <pc:Unicode>He saved me from my lost estate;</pc:Unicode>
                </pc:TextEquiv>
            </pc:TextLine>
            <pc:TextLine id="line-1f904b57-3b6f-474b-aa5d-0c063e596e9c">
                <pc:Coords points="294,1058 976,1069 976,1122 294,1110"/>
                <pc:Word id="word-00dfae1a-99d9-48dc-98b5-b1810ac2bacf">
                    <pc:Coords points="294,1071 362,1072 362,1105 294,1104"/>
                    <pc:TextEquiv>
                        <pc:Unicode>His</pc:Unicode>
                    </pc:TextEquiv>
                </pc:Word>
                <pc:Word id="word-642acbd0-abf2-4b0e-9543-f30123ac0f27">
                    <pc:Coords points="374,1067 677,1072 677,1117 374,1112"/>
                    <pc:TextEquiv>
                        <pc:Unicode>loving-kindness,</pc:Unicode>
                    </pc:TextEquiv>
                </pc:Word>
                <pc:Word id="word-0eb22b8b-2d63-4ac2-a12c-bed4f8c6b9b7">
                    <pc:Coords points="698,1069 734,1069 734,1102 698,1101"/>
                    <pc:TextEquiv>
                        <pc:Unicode>O</pc:Unicode>
                    </pc:TextEquiv>
                </pc:Word>
                <pc:Word id="word-7f4729b7-811d-4107-9c44-ced1f7df180f">
                    <pc:Coords points="744,1070 753,1070 753,1101 744,1101"/>
                    <pc:TextEquiv>
                        <pc:Unicode>!</pc:Unicode>
                    </pc:TextEquiv>
                </pc:Word>
                <pc:Word id="word-75d0291b-948b-4f6a-a9fe-0a1bf5505d1b">
                    <pc:Coords points="776,1068 852,1070 852,1101 776,1100"/>
                    <pc:TextEquiv>
                        <pc:Unicode>how</pc:Unicode>
                    </pc:TextEquiv>
                </pc:Word>
                <pc:Word id="word-e82d7ef7-81e4-4ed3-9968-d73c50df8bf4">
                    <pc:Coords points="868,1067 976,1069 976,1112 868,1110"/>
                    <pc:TextEquiv>
                        <pc:Unicode>great!</pc:Unicode>
                    </pc:TextEquiv>
                </pc:Word>
                <pc:TextEquiv>
                    <pc:Unicode>His loving-kindness, O ! how great!</pc:Unicode>
                </pc:TextEquiv>
            </pc:TextLine>
            <pc:TextLine id="line-a67c255e-f9ff-4e0c-9f98-2b2cefd33628">
                <pc:Coords points="251,1110 1031,1122 1031,1184 251,1171"/>
                <pc:Word id="word-f2aab8be-ccd2-4914-a934-15d09897c5f9">
                    <pc:Coords points="251,1136 274,1136 274,1172 251,1171"/>
                    <pc:TextEquiv>
                        <pc:Unicode>3</pc:Unicode>
                    </pc:TextEquiv>
                </pc:Word>
                <pc:Word id="word-60688124-b7c4-4634-9a38-410173286f25">
                    <pc:Coords points="296,1125 441,1127 441,1170 296,1167"/>
                    <pc:TextEquiv>
                        <pc:Unicode>Though</pc:Unicode>
                    </pc:TextEquiv>
                </pc:Word>
                <pc:Word id="word-05b4dd35-cd5c-42b1-85f1-7445da86c9c5">
                    <pc:Coords points="453,1132 629,1135 629,1160 453,1157"/>
                    <pc:TextEquiv>
                        <pc:Unicode>numerous</pc:Unicode>
                    </pc:TextEquiv>
                </pc:Word>
                <pc:Word id="word-0daff375-3418-4355-97b2-cc1c8fbe48f9">
                    <pc:Coords points="642,1124 735,1126 735,1157 642,1156"/>
                    <pc:TextEquiv>
                        <pc:Unicode>hosts</pc:Unicode>
                    </pc:TextEquiv>
                </pc:Word>
                <pc:Word id="word-6fc0f426-c4d7-4982-9dff-561f7cf64a74">
                    <pc:Coords points="750,1122 789,1123 789,1156 750,1155"/>
                    <pc:TextEquiv>
                        <pc:Unicode>of</pc:Unicode>
                    </pc:TextEquiv>
                </pc:Word>
                <pc:Word id="word-acc974e6-67e8-4494-bbba-7f86e5c9a1f2">
                    <pc:Coords points="806,1121 934,1123 934,1166 806,1164"/>
                    <pc:TextEquiv>
                        <pc:Unicode>mighty</pc:Unicode>
                    </pc:TextEquiv>
                </pc:Word>
                <pc:Word id="word-70d937fe-fad4-4d0f-89c1-2d7e1cb81d57">
                    <pc:Coords points="949,1121 1031,1122 1031,1162 949,1161"/>
                    <pc:TextEquiv>
                        <pc:Unicode>foes,</pc:Unicode>
                    </pc:TextEquiv>
                </pc:Word>
                <pc:TextEquiv>
                    <pc:Unicode>3 Though numerous hosts of mighty foes,</pc:Unicode>
                </pc:TextEquiv>
            </pc:TextLine>
            <pc:TextLine id="line-e4227637-c0b5-4197-ab1e-6120870543f0">
                <pc:Coords points="296,1160 1024,1172 1024,1223 296,1212"/>
                <pc:Word id="word-8eb2acba-2554-4b91-9a41-3f36a3085b59">
                    <pc:Coords points="296,1169 441,1171 441,1214 296,1212"/>
                    <pc:TextEquiv>
                        <pc:Unicode>Though</pc:Unicode>
                    </pc:TextEquiv>
                </pc:Word>
                <pc:Word id="word-64c77eb1-1b20-4544-867e-5edbd8ade6d8">
                    <pc:Coords points="458,1167 550,1169 550,1203 458,1202"/>
                    <pc:TextEquiv>
                        <pc:Unicode>earth</pc:Unicode>
                    </pc:TextEquiv>
                </pc:Word>
                <pc:Word id="word-d09acc2d-d6b4-4715-b817-8828dd9d709a">
                    <pc:Coords points="566,1167 632,1168 632,1200 566,1199"/>
                    <pc:TextEquiv>
                        <pc:Unicode>and</pc:Unicode>
                    </pc:TextEquiv>
                </pc:Word>
                <pc:Word id="word-c02aa7a8-4ad3-4a9d-a2a3-0fb5af628989">
                    <pc:Coords points="649,1166 716,1167 716,1199 649,1198"/>
                    <pc:TextEquiv>
                        <pc:Unicode>hell</pc:Unicode>
                    </pc:TextEquiv>
                </pc:Word>
                <pc:Word id="word-1cb86612-68a8-4be6-8335-b3a2a4bea570">
                    <pc:Coords points="731,1176 788,1177 788,1208 731,1208"/>
                    <pc:TextEquiv>
                        <pc:Unicode>my</pc:Unicode>
                    </pc:TextEquiv>
                </pc:Word>
                <pc:Word id="word-e5744df7-326c-468e-ae2a-5275e176cf63">
                    <pc:Coords points="799,1176 871,1177 871,1208 799,1207"/>
                    <pc:TextEquiv>
                        <pc:Unicode>way</pc:Unicode>
                    </pc:TextEquiv>
                </pc:Word>
                <pc:Word id="word-5026e224-b955-494b-9f72-b1749ed2f1c4">
                    <pc:Coords points="887,1174 1024,1177 1024,1211 887,1209"/>
                    <pc:TextEquiv>
                        <pc:Unicode>oppose,</pc:Unicode>
                    </pc:TextEquiv>
                </pc:Word>
                <pc:TextEquiv>
                    <pc:Unicode>Though earth and hell my way oppose,</pc:Unicode>
                </pc:TextEquiv>
            </pc:TextLine>
            <pc:TextLine id="line-e18592f5-3936-47df-8c9e-59762a4c0b71">
                <pc:Coords points="299,1202 880,1212 880,1261 299,1252"/>
                <pc:Word id="word-a5127034-a14e-4c93-9d1b-907d900a1f83">
                    <pc:Coords points="299,1215 354,1216 354,1248 299,1247"/>
                    <pc:TextEquiv>
                        <pc:Unicode>He</pc:Unicode>
                    </pc:TextEquiv>
                </pc:Word>
                <pc:Word id="word-715c20cf-9732-42ac-8143-8b6aae55c1c4">
                    <pc:Coords points="369,1212 473,1214 473,1255 369,1253"/>
                    <pc:TextEquiv>
                        <pc:Unicode>safely</pc:Unicode>
                    </pc:TextEquiv>
                </pc:Word>
                <pc:Word id="word-ae387848-91ff-4264-a49a-afc6378be9b8">
                    <pc:Coords points="488,1211 584,1213 584,1245 488,1243"/>
                    <pc:TextEquiv>
                        <pc:Unicode>leads</pc:Unicode>
                    </pc:TextEquiv>
                </pc:Word>
                <pc:Word id="word-14edb2a5-9238-4d3a-859f-1fc326e67a61">
                    <pc:Coords points="599,1221 656,1222 656,1253 599,1252"/>
                    <pc:TextEquiv>
                        <pc:Unicode>my</pc:Unicode>
                    </pc:TextEquiv>
                </pc:Word>
                <pc:Word id="word-cbd86ae1-8162-409c-b2db-948d3b40a927">
                    <pc:Coords points="671,1209 744,1210 744,1244 671,1243"/>
                    <pc:TextEquiv>
                        <pc:Unicode>soul</pc:Unicode>
                    </pc:TextEquiv>
                </pc:Word>
                <pc:Word id="word-79a0dbf9-9dee-41e8-892b-c88c49178e70">
                    <pc:Coords points="760,1210 880,1212 880,1253 760,1251"/>
                    <pc:TextEquiv>
                        <pc:Unicode>along;</pc:Unicode>
                    </pc:TextEquiv>
                </pc:Word>
                <pc:TextEquiv>
                    <pc:Unicode>He safely leads my soul along;</pc:Unicode>
                </pc:TextEquiv>
            </pc:TextLine>
            <pc:TextLine id="line-4f805be2-44b4-4bce-869f-69c8c29ac1d6">
                <pc:Coords points="296,1244 1003,1255 1003,1307 296,1296"/>
                <pc:Word id="word-465a2816-58fc-497c-8d2d-a8f248908862">
                    <pc:Coords points="296,1258 363,1259 363,1291 296,1290"/>
                    <pc:TextEquiv>
                        <pc:Unicode>His</pc:Unicode>
                    </pc:TextEquiv>
                </pc:Word>
                <pc:Word id="word-1d2e339e-c0e8-4623-b9c8-82099e76812e">
                    <pc:Coords points="376,1253 677,1257 677,1302 376,1297"/>
                    <pc:TextEquiv>
                        <pc:Unicode>loving-kindness,</pc:Unicode>
                    </pc:TextEquiv>
                </pc:Word>
                <pc:Word id="word-17b751bb-a491-4f8c-aa41-59f46bbede78">
                    <pc:Coords points="699,1254 746,1255 746,1287 699,1286"/>
                    <pc:TextEquiv>
                        <pc:Unicode>O</pc:Unicode>
                    </pc:TextEquiv>
                </pc:Word>
                <pc:Word id="word-13045346-61dd-48b8-b911-db2cc33df9ee">
                    <pc:Coords points="743,1256 753,1256 753,1286 743,1286"/>
                    <pc:TextEquiv>
                        <pc:Unicode>!</pc:Unicode>
                    </pc:TextEquiv>
                </pc:Word>
                <pc:Word id="word-114846c0-77e9-48f7-99bb-1931443cff03">
                    <pc:Coords points="775,1253 852,1254 852,1286 775,1285"/>
                    <pc:TextEquiv>
                        <pc:Unicode>how</pc:Unicode>
                    </pc:TextEquiv>
                </pc:Word>
                <pc:Word id="word-9ffe8466-6f84-40af-8745-39a919c3a36b">
                    <pc:Coords points="867,1252 1003,1255 1003,1296 867,1294"/>
                    <pc:TextEquiv>
                        <pc:Unicode>strong!</pc:Unicode>
                    </pc:TextEquiv>
                </pc:Word>
                <pc:TextEquiv>
                    <pc:Unicode>His loving-kindness, O ! how strong!</pc:Unicode>
                </pc:TextEquiv>
            </pc:TextLine>
            <pc:TextLine id="line-db56b3d0-b6cb-424d-ac77-58e4e5be8f3c">
                <pc:Coords points="250,1297 963,1308 963,1366 250,1355"/>
                <pc:Word id="word-af05bf0b-8c89-4c11-9392-b9becb2ff024">
                    <pc:Coords points="250,1322 275,1322 275,1356 250,1355"/>
                    <pc:TextEquiv>
                        <pc:Unicode>4</pc:Unicode>
                    </pc:TextEquiv>
                </pc:Word>
                <pc:Word id="word-d7ac5793-513c-47e2-9b2b-74c3db21b1a0">
                    <pc:Coords points="297,1313 405,1314 405,1346 297,1345"/>
                    <pc:TextEquiv>
                        <pc:Unicode>When</pc:Unicode>
                    </pc:TextEquiv>
                </pc:Word>
                <pc:Word id="word-c9c3d92c-7947-4502-854d-6ca60a159b3d">
                    <pc:Coords points="423,1310 564,1312 564,1349 424,1347"/>
                    <pc:TextEquiv>
                        <pc:Unicode>trouble,</pc:Unicode>
                    </pc:TextEquiv>
                </pc:Word>
                <pc:Word id="word-0a2e9720-8836-4386-aa60-a6353ddc4295">
                    <pc:Coords points="583,1309 652,1310 652,1341 583,1340"/>
                    <pc:TextEquiv>
                        <pc:Unicode>like</pc:Unicode>
                    </pc:TextEquiv>
                </pc:Word>
                <pc:Word id="word-eb46b733-5add-49d5-b656-e634df65b3c2">
                    <pc:Coords points="667,1320 688,1320 688,1341 667,1341"/>
                    <pc:TextEquiv>
                        <pc:Unicode>a</pc:Unicode>
                    </pc:TextEquiv>
                </pc:Word>
                <pc:Word id="word-cc16a874-5311-4499-8aa1-eebfd3669179">
                    <pc:Coords points="702,1308 838,1310 838,1353 702,1351"/>
                    <pc:TextEquiv>
                        <pc:Unicode>gloomy</pc:Unicode>
                    </pc:TextEquiv>
                </pc:Word>
                <pc:Word id="word-dbb7fcc0-7f6f-4471-a7a6-9786d68c1fd4">
                    <pc:Coords points="854,1306 963,1308 963,1346 854,1345"/>
                    <pc:TextEquiv>
                        <pc:Unicode>cloud,</pc:Unicode>
                    </pc:TextEquiv>
                </pc:Word>
                <pc:TextEquiv>
                    <pc:Unicode>4 When trouble, like a gloomy cloud,</pc:Unicode>
                </pc:TextEquiv>
            </pc:TextLine>
            <pc:TextLine id="line-1041dcd0-8f31-42d9-b480-35a38d07e61f">
                <pc:Coords points="296,1339 1056,1350 1056,1407 297,1396"/>
                <pc:Word id="word-dda67a5b-4935-4f24-9c92-404a72830ed0">
                    <pc:Coords points="297,1356 372,1358 372,1389 297,1388"/>
                    <pc:TextEquiv>
                        <pc:Unicode>Has</pc:Unicode>
                    </pc:TextEquiv>
                </pc:Word>
                <pc:Word id="word-8d386a9a-1d45-494a-830e-4e1b41d23e12">
                    <pc:Coords points="386,1351 545,1353 545,1400 386,1397"/>
                    <pc:TextEquiv>
                        <pc:Unicode>gathered</pc:Unicode>
                    </pc:TextEquiv>
                </pc:Word>
                <pc:Word id="word-a5061e2b-1e9f-453d-87b4-8b2d49da55d2">
                    <pc:Coords points="562,1352 665,1353 665,1391 562,1390"/>
                    <pc:TextEquiv>
                        <pc:Unicode>thick,</pc:Unicode>
                    </pc:TextEquiv>
                </pc:Word>
                <pc:Word id="word-d871b62e-e53c-4816-b56e-47fd8e97289a">
                    <pc:Coords points="685,1352 751,1353 751,1385 685,1384"/>
                    <pc:TextEquiv>
                        <pc:Unicode>and</pc:Unicode>
                    </pc:TextEquiv>
                </pc:Word>
                <pc:Word id="word-56e16a26-5f64-4b92-9774-0f17d29b3bb7">
                    <pc:Coords points="768,1348 953,1351 953,1385 768,1382"/>
                    <pc:TextEquiv>
                        <pc:Unicode>thundered</pc:Unicode>
                    </pc:TextEquiv>
                </pc:Word>
                <pc:Word id="word-a1dae6fb-43fa-410b-92bf-2c66fafba0ef">
                    <pc:Coords points="968,1349 1056,1350 1056,1388 968,1387"/>
                    <pc:TextEquiv>
                        <pc:Unicode>loud,</pc:Unicode>
                    </pc:TextEquiv>
                </pc:Word>
                <pc:TextEquiv>
                    <pc:Unicode>Has gathered thick, and thundered loud,</pc:Unicode>
                </pc:TextEquiv>
            </pc:TextLine>
            <pc:TextLine id="line-6c7c9a70-894d-434c-b179-b3c401d1c4dc">
                <pc:Coords points="296,1385 960,1395 960,1445 296,1435"/>
                <pc:Word id="word-27a3ec6e-2fab-4342-a19b-a7c42a847d24">
                    <pc:Coords points="296,1399 353,1400 353,1432 296,1431"/>
                    <pc:TextEquiv>
                        <pc:Unicode>He</pc:Unicode>
                    </pc:TextEquiv>
                </pc:Word>
                <pc:Word id="word-45c92a08-3449-48b7-9b37-64e07905a5dd">
                    <pc:Coords points="369,1407 448,1408 448,1431 369,1430"/>
                    <pc:TextEquiv>
                        <pc:Unicode>near</pc:Unicode>
                    </pc:TextEquiv>
                </pc:Word>
                <pc:Word id="word-2fc30f81-187a-461e-95f7-19332f995045">
                    <pc:Coords points="465,1407 520,1407 520,1439 465,1438"/>
                    <pc:TextEquiv>
                        <pc:Unicode>my</pc:Unicode>
                    </pc:TextEquiv>
                </pc:Word>
                <pc:Word id="word-e2bed9ae-a9e0-4fa7-b6a3-04a838966483">
                    <pc:Coords points="535,1395 608,1396 608,1430 535,1429"/>
                    <pc:TextEquiv>
                        <pc:Unicode>soul</pc:Unicode>
                    </pc:TextEquiv>
                </pc:Word>
                <pc:Word id="word-417861ab-e8ca-4007-9020-c27d4d1d58cb">
                    <pc:Coords points="627,1396 686,1397 686,1428 627,1427"/>
                    <pc:TextEquiv>
                        <pc:Unicode>has</pc:Unicode>
                    </pc:TextEquiv>
                </pc:Word>
                <pc:Word id="word-f4e6d38b-0166-4164-ba36-0934a333494a">
                    <pc:Coords points="701,1395 825,1397 825,1437 701,1435"/>
                    <pc:TextEquiv>
                        <pc:Unicode>always</pc:Unicode>
                    </pc:TextEquiv>
                </pc:Word>
                <pc:Word id="word-21315302-55ae-45de-9727-0c9d059d12d0">
                    <pc:Coords points="840,1393 960,1395 960,1434 840,1432"/>
                    <pc:TextEquiv>
                        <pc:Unicode>stood;</pc:Unicode>
                    </pc:TextEquiv>
                </pc:Word>
                <pc:TextEquiv>
                    <pc:Unicode>He near my soul has always stood;</pc:Unicode>
                </pc:TextEquiv>
            </pc:TextLine>
            <pc:TextLine id="line-4e7a81e9-fc3e-4990-bf3a-e30dc001abe0">
                <pc:Coords points="296,1429 977,1438 977,1490 296,1480"/>
                <pc:Word id="word-360f645e-c930-4eb8-b532-0f8759b22438">
                    <pc:Coords points="296,1443 363,1444 363,1476 296,1475"/>
                    <pc:TextEquiv>
                        <pc:Unicode>His</pc:Unicode>
                    </pc:TextEquiv>
                </pc:Word>
                <pc:Word id="word-4b21f39e-2a8c-4273-a33c-6bd322fe2b49">
                    <pc:Coords points="380,1438 676,1442 676,1486 380,1482"/>
                    <pc:TextEquiv>
                        <pc:Unicode>loving-kindness.</pc:Unicode>
                    </pc:TextEquiv>
                </pc:Word>
                <pc:Word id="word-f2c685c4-7f4e-4a66-8b0a-6e27ce6ff8a2">
                    <pc:Coords points="698,1440 750,1440 750,1472 698,1471"/>
                    <pc:TextEquiv>
                        <pc:Unicode>O !</pc:Unicode>
                    </pc:TextEquiv>
                </pc:Word>
                <pc:Word id="word-1eb2d866-8d62-4a81-8c5e-ec7fb83281af">
                    <pc:Coords points="773,1438 849,1439 849,1471 773,1470"/>
                    <pc:TextEquiv>
                        <pc:Unicode>how</pc:Unicode>
                    </pc:TextEquiv>
                </pc:Word>
                <pc:Word id="word-e97edec7-bb25-45f1-b12c-287be5f6a9e6">
                    <pc:Coords points="864,1437 954,1438 954,1482 864,1480"/>
                    <pc:TextEquiv>
                        <pc:Unicode>good</pc:Unicode>
                    </pc:TextEquiv>
                </pc:Word>
                <pc:Word id="word-3d9c1ea3-0bf5-404c-a24c-0036d24e87b6">
                    <pc:Coords points="967,1439 977,1439 977,1471 967,1470"/>
                    <pc:TextEquiv>
                        <pc:Unicode>!</pc:Unicode>
                    </pc:TextEquiv>
                </pc:Word>
                <pc:TextEquiv>
                    <pc:Unicode>His loving-kindness. O ! how good !</pc:Unicode>
                </pc:TextEquiv>
            </pc:TextLine>
            <pc:TextLine id="line-816df129-83ab-4616-b217-a64233548bce">
                <pc:Coords points="252,1481 1100,1493 1100,1540 252,1529"/>
                <pc:Word id="word-2c225d39-95f8-4bfc-bcd3-e063577692f8">
                    <pc:Coords points="252,1497 315,1498 315,1530 252,1529"/>
                    <pc:TextEquiv>
                        <pc:Unicode>12</pc:Unicode>
                    </pc:TextEquiv>
                </pc:Word>
                <pc:Word id="word-52fc3200-d1bf-4695-897e-725d70cb28df">
                    <pc:Coords points="333,1497 370,1497 370,1526 333,1525"/>
                    <pc:TextEquiv>
                        <pc:Unicode>P.</pc:Unicode>
                    </pc:TextEquiv>
                </pc:Word>
                <pc:Word id="word-bda5e0e2-4c21-4097-ae47-d767c1b8d6c9">
                    <pc:Coords points="383,1496 443,1497 443,1525 383,1524"/>
                    <pc:TextEquiv>
                        <pc:Unicode>196.</pc:Unicode>
                    </pc:TextEquiv>
                </pc:Word>
                <pc:Word id="word-48d38814-e6a3-4a8a-986d-5a60573a7ddc">
                    <pc:Coords points="465,1491 722,1494 722,1525 465,1521"/>
                    <pc:TextEquiv>
                        <pc:Unicode>HAMBURG</pc:Unicode>
                    </pc:TextEquiv>
                </pc:Word>
                <pc:Word id="word-8a9bb47a-9ae7-48c3-bdfb-1b75ea04f904">
                    <pc:Coords points="748,1493 788,1493 788,1520 748,1520"/>
                    <pc:TextEquiv>
                        <pc:Unicode>L.</pc:Unicode>
                    </pc:TextEquiv>
                </pc:Word>
                <pc:Word id="word-a04407ad-8c1b-4a0c-8caf-086b61de2d83">
                    <pc:Coords points="808,1492 858,1492 858,1519 808,1519"/>
                    <pc:TextEquiv>
                        <pc:Unicode>M.</pc:Unicode>
                    </pc:TextEquiv>
                </pc:Word>
                <pc:Word id="word-1b355cda-fe84-428d-88af-aea8781bd02d">
                    <pc:Coords points="872,1493 916,1494 916,1520 872,1519"/>
                    <pc:TextEquiv>
                        <pc:Unicode>M.</pc:Unicode>
                    </pc:TextEquiv>
                </pc:Word>
                <pc:Word id="word-d5c5d439-178f-4f5a-8ad4-b5c43a42113b">
                    <pc:Coords points="931,1493 990,1494 990,1523 931,1522"/>
                    <pc:TextEquiv>
                        <pc:Unicode>349,</pc:Unicode>
                    </pc:TextEquiv>
                </pc:Word>
                <pc:Word id="word-c22d2fcf-22ea-4358-8805-355b61c54259">
                    <pc:Coords points="996,1491 1100,1493 1100,1522 996,1520"/>
                    <pc:TextEquiv>
                        <pc:Unicode>B.379</pc:Unicode>
                    </pc:TextEquiv>
                </pc:Word>
                <pc:TextEquiv>
                    <pc:Unicode>12 P. 196. HAMBURG L. M. M. 349, B.379</pc:Unicode>
                </pc:TextEquiv>
            </pc:TextLine>
            <pc:TextLine id="line-d3f0ada7-07d1-46f5-83f4-56f7d9d28ca0">
                <pc:Coords points="611,1550 1100,1556 1099,1648 611,1642"/>
                <pc:Word id="word-d7881524-7b73-4824-8dc3-4cfc69e5f347">
                    <pc:Coords points="611,1550 1100,1556 1099,1648 611,1642"/>
                    <pc:TextEquiv>
                        <pc:Unicode>THE</pc:Unicode>
                    </pc:TextEquiv>
                </pc:Word>
                <pc:TextEquiv>
                    <pc:Unicode>THE</pc:Unicode>
                </pc:TextEquiv>
            </pc:TextLine>
            <pc:TextLine id="line-17237ec6-fdad-4d5e-83c3-4c76fa0e0526">
                <pc:Coords points="296,1684 355,1685 355,1749 296,1748"/>
                <pc:Word id="word-cc0a0115-8442-47c6-a1a8-9814391633c0">
                    <pc:Coords points="296,1684 355,1685 355,1749 296,1748"/>
                    <pc:TextEquiv>
                        <pc:Unicode>B</pc:Unicode>
                    </pc:TextEquiv>
                </pc:Word>
                <pc:TextEquiv>
                    <pc:Unicode>B</pc:Unicode>
                </pc:TextEquiv>
            </pc:TextLine>
            <pc:TextLine id="line-f1b0b70d-1c44-4364-bdb1-f707647a6939">
                <pc:Coords points="361,1675 973,1683 973,1730 361,1722"/>
                <pc:Word id="word-585fa553-929f-41fb-8b5b-3c4313ca595f">
                    <pc:Coords points="361,1685 529,1687 529,1721 361,1718"/>
                    <pc:TextEquiv>
                        <pc:Unicode>EHOLD</pc:Unicode>
                    </pc:TextEquiv>
                </pc:Word>
                <pc:Word id="word-8847076f-f69b-4528-834e-ff8015af2935">
                    <pc:Coords points="545,1696 565,1697 565,1717 545,1717"/>
                    <pc:TextEquiv>
                        <pc:Unicode>a</pc:Unicode>
                    </pc:TextEquiv>
                </pc:Word>
                <pc:Word id="word-7a19bd75-f502-4801-88f1-bcc4073db794">
                    <pc:Coords points="582,1691 731,1693 731,1727 582,1725"/>
                    <pc:TextEquiv>
                        <pc:Unicode>stranger</pc:Unicode>
                    </pc:TextEquiv>
                </pc:Word>
                <pc:Word id="word-b19b9059-8bf4-482c-8ba7-f2b2d40c9df7">
                    <pc:Coords points="747,1692 782,1692 782,1717 747,1716"/>
                    <pc:TextEquiv>
                        <pc:Unicode>at</pc:Unicode>
                    </pc:TextEquiv>
                </pc:Word>
                <pc:Word id="word-e71a08a3-993f-4192-90ce-659cab87b83a">
                    <pc:Coords points="798,1684 857,1685 857,1716 798,1716"/>
                    <pc:TextEquiv>
                        <pc:Unicode>the</pc:Unicode>
                    </pc:TextEquiv>
                </pc:Word>
                <pc:Word id="word-b79b8757-1c19-42ef-937b-2e87801130ac">
                    <pc:Coords points="873,1683 965,1684 965,1716 873,1715"/>
                    <pc:TextEquiv>
                        <pc:Unicode>door</pc:Unicode>
                    </pc:TextEquiv>
                </pc:Word>
                <pc:Word id="word-51c44fce-b354-422b-9221-0acb94c52a06">
                    <pc:Coords points="966,1683 973,1683 973,1715 966,1715"/>
                    <pc:TextEquiv>
                        <pc:Unicode>!</pc:Unicode>
                    </pc:TextEquiv>
                </pc:Word>
                <pc:TextEquiv>
                    <pc:Unicode>EHOLD a stranger at the door !</pc:Unicode>
                </pc:TextEquiv>
            </pc:TextLine>
            <pc:TextLine id="line-19a713a2-91ac-4631-a796-0e7c8a917c59">
                <pc:Coords points="385,1717 1121,1726 1121,1778 385,1769"/>
                <pc:Word id="word-aeca64b9-48fc-4c48-9357-79c0347fae4b">
                    <pc:Coords points="385,1730 441,1730 441,1762 385,1761"/>
                    <pc:TextEquiv>
                        <pc:Unicode>He</pc:Unicode>
                    </pc:TextEquiv>
                </pc:Word>
                <pc:Word id="word-95e7bdb7-bdf6-48db-ae9a-175c185c8e8d">
                    <pc:Coords points="455,1728 569,1730 569,1772 455,1770"/>
                    <pc:TextEquiv>
                        <pc:Unicode>gently</pc:Unicode>
                    </pc:TextEquiv>
                </pc:Word>
                <pc:Word id="word-967fe2dd-874f-4c1a-be0f-776488a27ef4">
                    <pc:Coords points="585,1728 724,1730 724,1767 585,1765"/>
                    <pc:TextEquiv>
                        <pc:Unicode>knocks,</pc:Unicode>
                    </pc:TextEquiv>
                </pc:Word>
                <pc:Word id="word-32ac45db-23e8-4f68-b98d-668173cdeb69">
                    <pc:Coords points="746,1728 806,1729 806,1760 746,1760"/>
                    <pc:TextEquiv>
                        <pc:Unicode>has</pc:Unicode>
                    </pc:TextEquiv>
                </pc:Word>
                <pc:Word id="word-3fdb0cda-562e-49aa-87d9-4aaf5d0f7210">
                    <pc:Coords points="821,1725 977,1727 977,1760 821,1758"/>
                    <pc:TextEquiv>
                        <pc:Unicode>knocked</pc:Unicode>
                    </pc:TextEquiv>
                </pc:Word>
                <pc:Word id="word-7b827c24-1cc7-4e8e-aa8a-0d86505b7f4b">
                    <pc:Coords points="993,1725 1121,1726 1121,1767 993,1765"/>
                    <pc:TextEquiv>
                        <pc:Unicode>before;</pc:Unicode>
                    </pc:TextEquiv>
                </pc:Word>
                <pc:TextEquiv>
                    <pc:Unicode>He gently knocks, has knocked before;</pc:Unicode>
                </pc:TextEquiv>
            </pc:TextLine>
            <pc:TextLine id="line-bf5c32e0-3a6e-478a-8ce9-ef8208640f14">
                <pc:Coords points="297,1763 925,1771 925,1818 297,1811"/>
                <pc:Word id="word-b27f83f3-3977-489a-a8c1-abfe037d8374">
                    <pc:Coords points="297,1773 372,1774 373,1806 297,1805"/>
                    <pc:TextEquiv>
                        <pc:Unicode>Has</pc:Unicode>
                    </pc:TextEquiv>
                </pc:Word>
                <pc:Word id="word-a67f8a62-bd4c-4cd1-bd6f-a600da84afc5">
                    <pc:Coords points="387,1772 505,1773 505,1806 387,1804"/>
                    <pc:TextEquiv>
                        <pc:Unicode>waited</pc:Unicode>
                    </pc:TextEquiv>
                </pc:Word>
                <pc:Word id="word-8ccdb7fe-0a06-4c70-9bb3-60dd14d8c808">
                    <pc:Coords points="524,1771 676,1773 676,1816 524,1814"/>
                    <pc:TextEquiv>
                        <pc:Unicode>long-is</pc:Unicode>
                    </pc:TextEquiv>
                </pc:Word>
                <pc:Word id="word-0c436fe5-4c84-4e68-8293-f86594de3f31">
                    <pc:Coords points="693,1770 827,1772 827,1813 693,1812"/>
                    <pc:TextEquiv>
                        <pc:Unicode>waiting</pc:Unicode>
                    </pc:TextEquiv>
                </pc:Word>
                <pc:Word id="word-a82136fe-9737-4030-af13-f9ad7d80e6f7">
                    <pc:Coords points="842,1770 925,1771 925,1804 842,1803"/>
                    <pc:TextEquiv>
                        <pc:Unicode>still</pc:Unicode>
                    </pc:TextEquiv>
                </pc:Word>
                <pc:TextEquiv>
                    <pc:Unicode>Has waited long-is waiting still</pc:Unicode>
                </pc:TextEquiv>
            </pc:TextLine>
            <pc:TextLine id="line-51775d01-8839-40f6-a3ab-6dce6207153c">
                <pc:Coords points="296,1807 881,1814 881,1855 296,1849"/>
                <pc:Word id="word-23513604-48a8-4a7d-8e50-c04679de9cff">
                    <pc:Coords points="296,1816 374,1817 374,1850 296,1849"/>
                    <pc:TextEquiv>
                        <pc:Unicode>You</pc:Unicode>
                    </pc:TextEquiv>
                </pc:Word>
                <pc:Word id="word-7ba1a7c4-3e32-4e5c-bbb1-ec7078803220">
                    <pc:Coords points="390,1820 475,1821 475,1849 390,1848"/>
                    <pc:TextEquiv>
                        <pc:Unicode>treat</pc:Unicode>
                    </pc:TextEquiv>
                </pc:Word>
                <pc:Word id="word-7002b7c1-e642-4628-80ea-90a0507ba0e8">
                    <pc:Coords points="490,1826 534,1827 534,1848 490,1848"/>
                    <pc:TextEquiv>
                        <pc:Unicode>no</pc:Unicode>
                    </pc:TextEquiv>
                </pc:Word>
                <pc:Word id="word-e0e89a8e-4fa4-462d-9a9d-8bc71815df4d">
                    <pc:Coords points="552,1816 646,1817 646,1849 552,1848"/>
                    <pc:TextEquiv>
                        <pc:Unicode>other</pc:Unicode>
                    </pc:TextEquiv>
                </pc:Word>
                <pc:Word id="word-d2cac8c1-541f-4246-8f72-93c349ca0070">
                    <pc:Coords points="660,1816 765,1817 765,1848 660,1847"/>
                    <pc:TextEquiv>
                        <pc:Unicode>friend</pc:Unicode>
                    </pc:TextEquiv>
                </pc:Word>
                <pc:Word id="word-3dd3e1a1-3f7e-4953-8f28-249e80c1aa0b">
                    <pc:Coords points="783,1825 821,1825 821,1847 783,1846"/>
                    <pc:TextEquiv>
                        <pc:Unicode>SO</pc:Unicode>
                    </pc:TextEquiv>
                </pc:Word>
                <pc:Word id="word-456717ab-8ec4-4f95-a7b8-507448c5b510">
                    <pc:Coords points="837,1814 881,1814 881,1847 837,1847"/>
                    <pc:TextEquiv>
                        <pc:Unicode>ill.</pc:Unicode>
                    </pc:TextEquiv>
                </pc:Word>
                <pc:TextEquiv>
                    <pc:Unicode>You treat no other friend SO ill.</pc:Unicode>
                </pc:TextEquiv>
            </pc:TextLine>
        </pc:TextRegion>
    </pc:Page>
</pc:PcGts>
