2148 3185
431 296 610 341 ONLY
641 296 948 343 WAITING.
1009 299 1072 342 8s
1093 297 1137 343 &
1157 299 1234 352 7s,
1250 297 1381 343 with
1409 297 1620 343 Chorus.

1805 299 1876 343 59

1330 383 1400 414 JAS.
1419 384 1460 413 H.
1481 385 1661 418 FILLMORE,
1676 385 1720 418 by
1740 391 1809 420 per.

417 602 448 635 1.
472 600 490 634 I
538 612 595 636 am
620 602 783 646 wait-ing
805 602 862 637 for
906 602 969 637 the
983 602 1149 647 morning
1209 600 1257 635 Of
1290 602 1351 635 the
1391 601 1525 637 blessed
1549 602 1621 647 day
1666 607 1704 637 to
1721 602 1839 647 dawn,

418 646 448 680 2.

473 645 494 679 I
539 657 597 681 am
610 647 775 691 wait-ing
786 656 884 682 worn
899 647 971 682 and
984 657 1057 681 wea
1074 667 1088 674 -
1103 657 1144 690 ry
1181 645 1280 680 With
1292 647 1352 680 the
1376 646 1437 679 bat
1450 667 1463 673 -
1474 647 1524 681 tle
1547 647 1618 681 and
1642 647 1704 681 the
1718 647 1831 690 strife,

373 1111 490 1147 When
502 1114 563 1147 the
584 1122 730 1149 sor-row
754 1113 826 1148 and
850 1113 912 1147 the
949 1113 1112 1149 sad-ness

1179 1112 1228 1147 Of
1236 1113 1308 1148 this
1317 1112 1509 1158 changeful
1532 1113 1599 1147 life
1623 1123 1686 1149 are
1706 1123 1808 1158 gone.

373 1157 459 1202 Hop
469 1176 483 1183 -
495 1158 567 1203 ing,
580 1158 682 1193 when
692 1159 755 1193 the
767 1158 960 1193 war-fare's
973 1170 995 1193 o
1010 1178 1025 1186 -
1041 1169 1115 1200 ver,

1182 1158 1235 1193 To
1281 1160 1435 1194 re-ceive
1467 1170 1488 1192 a
1503 1168 1622 1193 crown
1639 1158 1678 1193 of
1723 1157 1800 1193 life.

423 1437 614 1464 CHORUS.

418 1624 439 1658 I

470 1636 528 1659 am
545 1625 633 1659 wait

1010 1624 1083 1667 ing,

1118 1634 1163 1658 on

1176 1644 1188 1650 -

1263 1622 1437 1667 wait-ing,

1681 1622 1757 1657 Till
1768 1622 1841 1657 this

419 1669 440 1704 I

470 1681 529 1704 am
547 1669 718 1713 wait-ing,
734 1669 894 1713 waiting,
917 1669 1073 1712 waiting,
1114 1678 1160 1703 on
1176 1688 1191 1695 -
1203 1669 1238 1705 ly
1265 1667 1439 1712 wait-ing,
1455 1667 1541 1705 only
1553 1667 1702 1713 waiting

373 2145 448 2170 wea

745 2146 787 2178 ry
810 2135 875 2170 life
893 2136 924 2170 is
946 2135 1039 2177 o'er;

1323 2134 1433 2177 On-ly
1451 2134 1536 2169 wait

1783 2134 1845 2178 ing

374 2189 461 2214 wea-
475 2189 526 2223 ry,
539 2191 666 2224 weary,
684 2186 843 2224 weary-
797 2197 839 2206 -
842 2180 900 2214 till
912 2180 985 2215 this
994 2189 1110 2222 weary
1122 2179 1187 2214 life
1197 2179 1226 2214 is
1237 2179 1327 2219 o'er;
1336 2179 1432 2223 Only
1444 2179 1600 2224 waiting,
1603 2179 1759 2223 waiting,
1767 2181 1864 2222 waiting

396 2671 452 2705 for
475 2680 536 2714 my
548 2669 726 2713 welcome,

973 2668 1080 2704 From
1091 2679 1152 2712 my
1162 2668 1319 2703 Saviour
1341 2679 1388 2703 on
1426 2667 1487 2702 the
1518 2667 1580 2702 oth
1593 2687 1607 2695 -
1618 2678 1656 2702 er
1664 2667 1780 2703 shore.

398 2716 453 2750 for
476 2725 536 2758 my
545 2715 723 2757 welcome,
733 2714 788 2749 for
801 2724 862 2756 my
874 2713 1051 2755 welcome,
