2460 3560
519 360 1007 422 FREEDOM'S
1050 357 1427 418 JUBILEE.
1496 355 1896 419 Concluded.

1990 364 2040 412 17

539 705 619 731 men
661 695 732 729 and
752 694 877 729 fathers

984 692 1101 737 hoary,
1146 692 1251 727 Raise
1262 700 1350 735 your
1375 694 1433 727 voi
1453 711 1468 720 -
1490 702 1547 727 ces
1579 692 1664 728 loud
1691 693 1761 728 and

1847 693 1949 740 high!

848 1031 1303 1091 WINDHAM.
1371 1033 1442 1090 L.
1476 1032 1573 1091 M.

1845 1100 1973 1131 READ.

572 1136 770 1180 Mournful.

556 1346 668 1381 Broad
711 1345 741 1379 is
753 1345 812 1379 the
823 1345 907 1379 road
926 1344 1000 1379 that
1012 1343 1108 1379 leads
1120 1348 1158 1378 to
1171 1344 1286 1386 death,
1309 1345 1391 1379 And
1403 1344 1588 1380 thousands
1599 1344 1691 1380 walk
1704 1351 1742 1380 to
1749 1364 1764 1372 -
1775 1348 1892 1389 gether
1902 1345 1999 1382 there

544 1873 611 1907 But
623 1871 765 1907 wisdom
774 1871 888 1906 shows
900 1882 923 1906 a

978 1881 1107 1906 narrow
1120 1871 1214 1916 path,
1236 1871 1330 1906 With
1343 1871 1425 1906 here
1437 1872 1506 1905 and
1519 1871 1613 1906 there
1640 1882 1663 1906 a

1720 1876 1792 1906 trav
1801 1890 1816 1899 -
1825 1874 1859 1906 el
1869 1892 1883 1899 -
1892 1873 1953 1907 ler.

1058 2278 1122 2307 One
1130 2276 1219 2313 thing
1226 2276 1357 2313 needful.

1817 2257 1909 2312 L.
1927 2257 2043 2313 M.

831 2350 863 2377 I.

885 2343 1000 2424 W

1005 2343 1077 2376 HY
1091 2342 1162 2376 will
1175 2352 1219 2385 ye
1232 2347 1334 2377 waste
1344 2352 1392 2377 on
1410 2342 1536 2387 trifling
1548 2351 1641 2378 cares

1005 2387 1095 2421 That
1106 2386 1166 2421 life
1180 2386 1292 2421 which
1303 2386 1411 2421 God's
1422 2387 1631 2430 compassion
1643 2396 1779 2431 spares;

887 2430 1014 2472 While,
1028 2432 1065 2464 in
1077 2431 1136 2465 the
1148 2431 1280 2465 various
1292 2440 1396 2475 range
1407 2431 1448 2466 of
1453 2431 1609 2475 thought,

886 2476 963 2510 The
978 2485 1044 2509 one
1056 2475 1153 2520 thing
1164 2474 1303 2511 needful
1319 2475 1350 2509 is
1362 2475 1496 2520 forgot?

831 2585 864 2610 2.
886 2574 984 2610 Shall
999 2573 1077 2609 God
1088 2573 1191 2609 invite
1205 2585 1275 2618 you
1287 2574 1375 2609 from
1388 2574 1521 2610 above?

891 2620 987 2654 Shall
996 2620 1094 2663 Jesus
1106 2629 1188 2663 urge
1202 2620 1256 2654 his
1271 2619 1374 2664 dying
1387 2619 1490 2654 love?

887 2664 982 2698 Shall
996 2663 1150 2699 troubled
1165 2664 1362 2699 conscience
1375 2664 1451 2707 give
1463 2674 1532 2707 you
1545 2663 1652 2709 pain ?

886 2709 967 2743 And
979 2708 1028 2743 all
1041 2708 1135 2743 these
1150 2708 1244 2751 pleas
1259 2708 1351 2743 unite
1363 2709 1402 2742 in
1413 2708 1520 2744 vain?

831 2817 864 2852 3.
890 2810 964 2843 Not
975 2818 1014 2843 SO
1026 2818 1113 2851 your
1122 2817 1200 2851 eyes
1214 2808 1286 2842 will
1299 2808 1425 2853 always
1437 2809 1525 2843 view

890 2853 1003 2888 Those
1016 2853 1141 2896 objects
1152 2852 1265 2888 which
1278 2863 1348 2896 you
1361 2863 1440 2888 now
1453 2862 1594 2896 pursue:

886 2898 958 2932 Not
969 2907 1010 2932 so
1024 2897 1094 2931 will
1107 2897 1239 2932 heaven
1254 2898 1322 2930 and
1336 2897 1406 2931 hell
1420 2907 1543 2941 appear

889 2942 1003 2976 When
1017 2941 1150 2976 death's
1163 2941 1310 2976 decisive
1321 2940 1410 2975 hour
1424 2943 1454 2976 is
1465 2950 1556 2976 near.

830 3052 866 3085 4.
889 3040 1062 3087 Almighty
1076 3041 1172 3078 God!
1195 3041 1272 3086 Thy
1284 3052 1401 3086 power
1412 3041 1551 3086 impart;

893 3087 958 3120 Fix
972 3087 1059 3130 deep
1074 3087 1263 3122 conviction
1274 3097 1319 3120 on
1331 3087 1414 3121 each
1427 3086 1542 3128 heart;

891 3131 967 3164 Nor
978 3131 1027 3165 let
1039 3141 1079 3165 us
1093 3137 1196 3166 waste
1210 3141 1257 3165 on
1277 3130 1402 3176 trifling
1416 3140 1509 3166 cares

888 3175 978 3209 That
989 3175 1050 3209 life
1062 3174 1177 3210 which
1188 3175 1248 3218 thy
1262 3176 1472 3220 compassion
1485 3184 1609 3219 spares.
