2351 2820
540 207 635 263 190
681 207 868 263 Where
899 205 1033 262 life's
1066 204 1262 276 crystal
1292 209 1481 263 stream
1515 205 1638 262 doth
1671 206 1803 262 flow.

407 294 460 329 NO
477 294 591 329 MORE
605 292 841 329 GOOD-BYES.

1656 293 1742 324 E.R.
1754 294 1875 324 LATTA.

1942 294 1972 326 J.
1984 295 2026 324 H.
2039 296 2073 324 F.

1367 468 1382 486 3

343 599 374 633 1.
392 598 519 633 Where
529 597 625 633 life's
637 597 746 642 crystal
754 599 861 632 stream
873 597 961 632 doth
971 596 1061 640 flow,
1074 596 1157 632 And
1169 596 1231 632 the
1240 601 1314 631 tree
1322 595 1361 632 of
1371 595 1437 631 life
1448 595 1536 632 doth
1548 595 1679 641 bloom,
1683 596 1791 632 Where
1800 607 1836 631 no
1844 596 1997 643 chilling
2006 598 2097 633 frost
2105 609 2172 633 can

342 655 374 688 2.
391 653 506 689 There
520 654 580 689 the
595 653 687 699 good
703 653 811 699 again
824 653 921 688 shall
935 657 1039 696 meet,
1050 652 1128 687 Who
1137 652 1212 687 have
1220 650 1336 696 clasped
1347 652 1396 687 the
1403 650 1520 698 parting
1529 651 1644 694 hand;
1659 651 1821 697 Fathers,
1832 653 1998 698 mothers,
2007 653 2171 689 children

341 710 374 744 3.
392 709 523 745 Where
537 720 584 744 no
598 710 696 754 signs
710 708 749 745 of
770 719 835 754 age
857 720 919 744 are
939 719 1033 752 seen,
1050 707 1135 743 And
1150 708 1234 752 they
1250 717 1358 743 never
1371 718 1503 744 sorrow
1518 718 1626 752 more,
1642 708 1776 744 Where
1788 718 1835 744 no
1849 708 2006 744 sickness
2021 709 2089 745 e'er
2104 720 2171 745 can

895 1051 1035 1117 ...

1187 1210 1210 1234 3

1188 1243 1209 1264 1

1497 1242 1517 1265 1

348 1342 427 1386 fall,
443 1343 500 1379 On
510 1343 637 1379 flow'rs
647 1342 728 1378 that
737 1342 860 1387 sweetly
871 1341 965 1379 bloom
1000 1342 1130 1378 Where
1141 1343 1202 1378 the
1210 1342 1314 1387 glory
1325 1341 1364 1377 of
1374 1342 1436 1376 the
1447 1341 1544 1377 Lord
1555 1340 1685 1377 Shines
1696 1340 1790 1376 thro'
1801 1341 1854 1377 all
1868 1341 1917 1376 the
1927 1340 2068 1377 cloudless
2077 1340 2165 1384 skies,

879 1396 926 1433 D.
927 1397 973 1433 S.
998 1397 1102 1432 Midst
1121 1398 1173 1433 the
1192 1398 1283 1442 glory
1305 1399 1343 1442 of
1358 1397 1409 1432 the
1432 1396 1533 1440 Lord,
1556 1397 1601 1431 In
1623 1397 1692 1431 that
1713 1397 1804 1432 home
1823 1397 1947 1441 beyond
1967 1397 2020 1432 the
2037 1396 2129 1439 skies,

347 1454 443 1497 dear,
463 1454 613 1489 Around
622 1454 670 1489 the
678 1454 777 1489 throne
786 1452 866 1488 shall
874 1453 972 1492 stand
969 1464 980 1495 ;
994 1453 1109 1488 There
1119 1464 1165 1488 no
1179 1455 1328 1497 tempest
1340 1453 1409 1488 e'er
1417 1452 1496 1488 shall
1508 1452 1608 1492 blow,
1620 1452 1735 1488 There
1746 1464 1792 1488 no
1801 1451 1932 1488 dismal
1943 1452 2052 1488 cloud
2064 1453 2165 1496 arise,

339 1521 449 1554 come,
462 1510 571 1545 Where
577 1510 663 1545 death
672 1510 727 1544 has
738 1508 794 1544 lost
807 1508 855 1544 his
868 1518 977 1555 power,
993 1508 1101 1544 Where
1112 1509 1179 1553 they
1191 1508 1261 1544 feel
1272 1519 1319 1544 no
1331 1508 1460 1554 weight
1472 1508 1511 1544 of
1518 1518 1610 1552 care,
1624 1508 1707 1543 And
1717 1518 1754 1542 no
1765 1512 1861 1543 tears
1869 1507 1988 1543 bedim
2000 1509 2063 1543 the
2070 1518 2165 1553 eyes;

638 1655 655 1671 3

1430 1848 1549 1878 Fine.
1583 1847 1802 1877 CHORUS.

729 1946 747 1969 5

1582 1942 1607 1969 5

543 1979 562 2000 3

946 1980 960 1998 3

1833 1990 1859 2015 2

1036 2010 1052 2029 1

1281 2008 1301 2029 1

1738 2007 1758 2029 1

1096 2027 1114 2047 7

1840 2023 1862 2047 7

389 2108 517 2153 There,
540 2119 579 2143 as
600 2108 740 2143 endless
762 2118 845 2150 ages
865 2107 949 2151 roll,
972 2107 1077 2142 Shall
1093 2108 1137 2142 be
1150 2118 1197 2143 no
1211 2117 1312 2143 more
1324 2105 1528 2153 good-byes.
1551 2106 1611 2143 No
1624 2116 1723 2142 more
1736 2104 1939 2152 good-byes,

399 2163 512 2199 Where
535 2164 587 2198 the
602 2164 736 2199 end-less
757 2174 847 2207 a-ges
868 2164 937 2206 roll,
968 2162 1064 2197 Shall
1089 2164 1126 2197 be
1144 2174 1188 2198 no
1209 2175 1299 2198 more
1321 2164 1497 2208 good-byes.

390 2218 477 2254 And
506 2220 547 2253 in
569 2218 650 2253 that
664 2218 831 2254 e-ter-nal
845 2219 953 2254 home
967 2218 1070 2253 Shall
1086 2218 1129 2252 be
1144 2229 1191 2253 no
1205 2229 1306 2254 more
1318 2218 1521 2263 good-byes.

368 2274 433 2310 All
448 2274 509 2310 the
519 2274 613 2319 good
623 2273 720 2309 shall
731 2278 826 2309 meet
837 2274 957 2319 again,
970 2273 1052 2308 And
1062 2273 1174 2318 speak
1181 2285 1229 2308 no
1239 2284 1336 2309 more
1344 2273 1549 2319 good-byes.

1787 2273 1845 2309 No
1854 2283 1953 2309 more
1958 2273 2162 2318 good-byes,

405 2578 547 2608 Copyright,
555 2577 618 2605 1884,
626 2576 660 2605 by
667 2575 799 2599 FILLMORE
811 2574 888 2598 Bros.

1207 2576 1260 2605 154
