1432 2176
620 279 799 309 MISSIONS.

1144 278 1211 317 701

253 351 451 401 Trav'ller,
463 355 546 395 o'er
555 367 639 405 yon
652 360 889 400 mountain's
900 362 1052 412 height,

296 397 371 435 See
383 399 474 438 that
483 400 794 452 glory-beaming
805 409 898 446 star.

253 440 496 490 Watchman,
511 446 607 484 does
623 448 679 486 its
689 450 902 490 beauteous
913 463 987 499 ray

295 486 431 533 Aught
441 489 489 526 of
495 489 603 537 hope
616 503 662 530 or
673 492 747 539 joy
759 495 935 534 foretell?

250 529 445 577 Trav'ller,
459 543 550 581 yes;
571 536 607 573 it
619 535 755 585 brings
765 539 838 578 the
850 540 941 590 day,

294 574 485 615 Promis'd
499 580 576 627 day
590 581 638 618 of
642 581 779 623 Israel.

202 653 229 689 2
248 651 495 703 Watchman,
507 658 579 696 tell
590 670 639 698 us
652 661 699 699 of
705 661 778 700 the
789 663 926 712 night:

290 697 447 746 Higher
457 705 528 748 yet
538 704 629 742 that
639 707 719 744 star
731 709 906 747 ascends.

246 740 444 791 Trav'ller,
457 745 704 789 blessedness
715 752 799 792 and
809 752 925 801 light,

290 787 414 826 Peace
424 790 507 828 and
518 793 641 839 truth,
654 794 708 831 its
721 805 856 835 course
868 798 1069 848 portends.

244 829 490 881 Watchman,
503 836 589 874 will
600 837 657 876 its
668 838 807 879 beams
819 842 935 881 alone

290 875 384 915 Gild
394 878 468 916 the
478 882 571 927 spot
580 882 672 921 that
681 894 781 932 gave
791 887 905 926 them
916 887 1056 928 birth?

243 918 441 967 Trav'ller,
453 933 546 970 ages
557 936 626 964 are
636 927 692 966 its
704 939 808 975 own,

286 964 374 1004 See
399 967 435 1005 it
447 968 577 1008 bursts
590 972 672 1010 o'er
684 973 741 1011 all
751 974 825 1013 the
838 976 965 1015 earth.

197 1041 220 1077 3
241 1041 485 1093 Watchman,
500 1047 572 1087 tell
585 1060 634 1088 us
646 1051 694 1090 of
702 1051 775 1091 the
787 1053 915 1103 night,

283 1087 363 1127 For
373 1091 446 1129 the
458 1093 645 1141 morning
655 1107 786 1135 seems
796 1100 840 1136 to
853 1099 985 1139 dawn.

239 1131 435 1181 Trav'ller,
449 1137 643 1177 darkness
653 1141 769 1180 takes
779 1143 834 1181 its
845 1143 973 1192 flight,

282 1176 417 1217 Doubt
427 1180 509 1219 and
520 1184 650 1221 terror
660 1196 730 1223 are
742 1186 991 1228 withdrawn.

236 1219 486 1270 Watchman,
497 1225 558 1264 let
569 1227 645 1275 thy
657 1229 894 1280 wand'rings
906 1241 1039 1282 cease;

281 1264 362 1304 Hie
374 1267 470 1306 thee
481 1273 526 1308 to
537 1271 613 1319 thy
626 1273 738 1321 quiet
749 1275 881 1315 home.

237 1308 435 1358 Trav'ller,
448 1313 509 1352 lo !
529 1316 601 1354 the
614 1317 754 1357 Prince
766 1320 813 1358 of
819 1329 953 1370 peace,

279 1354 358 1393 Lo!
378 1357 451 1395 the
463 1358 545 1397 Son
559 1360 606 1398 of
614 1361 703 1400 God
715 1364 753 1402 is
765 1373 889 1405 come.

186 1442 291 1484 853

664 1452 719 1492 7/s.

983 1457 1192 1499 MARSDEN.

319 1501 404 1541 "Go
422 1515 466 1551 ye
488 1505 817 1558 therefore"-Mat.
826 1511 983 1552 xxviii:
1005 1515 1063 1552 19.

185 1566 209 1604 1
231 1567 303 1613 Go,
319 1581 372 1615 ye
384 1581 629 1623 messengers
641 1576 689 1615 of
698 1576 795 1617 God
794 1580 806 1617 !

273 1613 374 1652 Like
386 1615 459 1654 the
470 1617 607 1657 beams
620 1620 668 1658 of
674 1621 859 1671 morning
871 1624 939 1671 fly,

227 1656 337 1696 Take
347 1659 419 1698 the
431 1661 789 1714 wonder-working
800 1666 888 1713 rod,

273 1702 398 1743 Wave
410 1706 482 1744 the
502 1708 775 1749 banner-cross
786 1722 841 1750 on
852 1711 965 1761 high.

182 1768 208 1805 2
225 1768 373 1809 Where
386 1772 445 1810 th'
459 1773 815 1827 aspirant-minaret

270 1814 429 1856 Gleams
444 1817 562 1868 along
573 1821 646 1859 the
658 1822 844 1873 morning
854 1825 972 1873 skies,

431 1865 479 1902 45
