2224 3070
1002 265 1066 294 TO
1091 265 1267 294 WORK.

421 332 542 366 WHAT
556 332 688 365 SHALL
703 332 786 364 THE
800 330 986 364 HARVEST
1002 331 1073 363 BE?
1105 330 1282 364 Concluded.

375 540 427 567 ter

696 539 735 566 ni
773 539 821 574 ty,

953 537 1039 570 Sure,

1168 537 1222 571 ah,
1244 544 1318 566 sure

1439 537 1506 566 will
1513 538 1568 566 the
1577 538 1636 566 har

1752 539 1824 567 vest
1844 539 1891 567 be.

330 763 483 799 gathered
493 762 528 790 in
534 763 611 789 time
620 768 655 789 or
663 762 808 796 eternity,
812 761 1020 795 Sure,ah,yes,
1102 760 1167 788 will
1173 761 1227 789 the
1234 761 1363 790 harvest
1371 762 1419 795 be,
1422 761 1487 790 will
1495 762 1550 790 the
1558 761 1699 795 harvest,
1700 762 1753 790 the
1762 762 1891 791 harvest
1901 763 1947 792 be.

264 999 337 1055 84

759 1039 826 1061 MRS.
839 1039 870 1060 E.
883 1039 908 1060 S.
921 1039 1031 1061 OAKEY.

1112 1020 1270 1066 Sowing
1286 1021 1353 1056 the
1368 1022 1454 1057 seed
1471 1022 1516 1056 of
1527 1031 1550 1056 a
1565 1020 1762 1056 tarnished
1776 1029 1903 1064 name,

262 1069 285 1101 2
307 1065 465 1111 Sowing
479 1066 580 1102 their
589 1065 677 1102 seed
690 1066 742 1110 by
758 1067 824 1100 the
837 1066 1021 1111 way-side
1032 1066 1099 1111 high,
1110 1065 1268 1110 Sowing
1283 1065 1350 1100 the
1366 1066 1454 1101 seed
1470 1066 1514 1100 of
1526 1066 1672 1101 eternal
1686 1066 1864 1101 shame-

263 1110 420 1156 Sowing
432 1111 534 1146 their
550 1110 637 1146 seed
654 1120 705 1145 on
720 1111 786 1145 the
800 1111 913 1146 rocks
928 1114 968 1145 to
984 1111 1059 1154 die,

1154 1110 1232 1153 Ah,
1247 1119 1338 1145 sure
1354 1110 1436 1144 will
1451 1111 1517 1145 the
1532 1111 1688 1145 harvest
1705 1110 1763 1153 be,
1782 1112 1853 1145 etc.

263 1155 420 1200 Sowing
434 1155 535 1191 their
551 1155 639 1191 seed
650 1156 778 1190 where
788 1156 853 1189 the
861 1156 944 1189 thorns
951 1156 1007 1189 will
1015 1156 1082 1200 spoil,

263 1200 419 1245 Sowing
428 1200 529 1236 their
539 1199 625 1235 seed
635 1200 678 1234 in
690 1200 755 1234 the
766 1199 892 1235 fertile
904 1199 990 1243 soil,

1106 1188 1132 1222 4
1154 1186 1312 1233 Sowing
1327 1188 1393 1222 the
1409 1187 1497 1223 seed
1509 1188 1603 1222 with
1615 1197 1663 1222 an
1675 1187 1815 1232 aching
1824 1187 1946 1231 heart,

307 1244 381 1288 Oh,
399 1245 505 1280 what
518 1244 618 1280 shall
630 1245 696 1279 the
710 1245 869 1280 harvest
883 1244 942 1289 be,
962 1248 1035 1280 etc.

1108 1230 1266 1277 Sowing
1276 1233 1341 1267 the
1353 1232 1439 1267 seed
1453 1232 1567 1266 while
1578 1232 1641 1266 the
1652 1233 1851 1275 teardrops
1859 1234 1932 1272 start,

1106 1273 1267 1319 Sowing
1282 1277 1323 1310 in
1339 1276 1440 1320 hope
1456 1276 1516 1311 till
1532 1277 1598 1311 the
1613 1285 1767 1320 reapers
1782 1278 1902 1319 come,

263 1323 284 1357 3
308 1322 467 1367 Sowing
475 1323 540 1358 the
551 1322 638 1358 seed
650 1322 693 1357 of
700 1331 722 1357 a
731 1320 926 1367 lingering
942 1320 1048 1364 pain,

1107 1320 1248 1364 Gladly
1265 1326 1305 1355 to
1321 1321 1458 1366 gather
1473 1321 1539 1355 the
1555 1321 1709 1355 harvest
1723 1320 1849 1363 home,

262 1367 421 1413 Sowing
434 1368 500 1402 the
515 1367 603 1402 seed
616 1367 660 1402 of
672 1376 696 1401 a
710 1365 922 1402 maddened
939 1365 1063 1408 brain,

1150 1364 1225 1408 Oh,
1242 1365 1350 1400 what
1364 1365 1464 1400 shall
1479 1365 1546 1400 the
1559 1364 1715 1400 harvest
1730 1364 1789 1408 be,
1807 1367 1879 1400 etc.

402 1506 651 1541 MISSIONARY
668 1508 797 1538 HYMN.
829 1507 865 1539 7s
882 1507 910 1539 &
926 1507 970 1539 6s.
1004 1505 1093 1534 "The
1104 1505 1319 1536 Macedonian
1331 1508 1420 1542 cry."

1731 1513 1758 1534 L.
1771 1513 1878 1534 MASON.

368 1714 391 1748 1.
406 1713 475 1747 From
484 1711 632 1749 Greenland's
640 1712 680 1757 icy
688 1712 828 1751 mountains,
831 1710 898 1747 From
907 1710 994 1746 India's
1002 1710 1064 1746 coral
1072 1711 1162 1751 strand,
1164 1710 1248 1746 Where
1256 1710 1340 1746 Afric's
1347 1721 1425 1755 sunny
1432 1710 1551 1746 fountains
1560 1710 1613 1745 Roll
1622 1710 1691 1745 down
1700 1710 1763 1745 their
1769 1709 1854 1754 golden
1862 1709 1930 1750 sand;

371 2174 441 2209 From

450 2184 521 2218 many

528 2183 560 2208 an

568 2174 662 2209 ancient

671 2173 754 2214 riv-er,

782 2170 852 2208 From

860 2182 932 2216 many

939 2182 956 2206 a

960 2171 1040 2217 palmy

1050 2171 1122 2216 plain,

1157 2170 1222 2217 They
1232 2171 1279 2205 call
1287 2181 1315 2205 us
1325 2175 1354 2206 to
1367 2171 1399 2206 de
1407 2191 1418 2198 -
1426 2169 1471 2207 liv-
1479 2182 1509 2206 er

1542 2171 1616 2206 Their
1623 2171 1680 2205 land
1690 2171 1749 2205 from
1758 2173 1843 2206 error's
1852 2170 1929 2206 chain.

258 2399 331 2458 85

906 2439 934 2459 R.
946 2439 1053 2461 HEBER.

257 2469 280 2503 2
302 2468 421 2504 What
435 2468 582 2514 though
594 2468 661 2503 the
675 2467 783 2510 spicy
799 2467 950 2502 breezes

1100 2466 1122 2500 3
1145 2463 1252 2500 Shall
1267 2474 1339 2509 we,
1357 2465 1488 2501 whose
1503 2464 1609 2500 souls
1625 2473 1690 2500 are
1705 2463 1851 2510 lighted

344 2513 454 2548 Blow
470 2513 548 2549 soft
562 2514 641 2547 o'er
657 2510 841 2556 Ceylon's
854 2511 968 2546 isle-

1190 2509 1250 2552 By
1267 2509 1429 2545 wisdom
1442 2510 1544 2545 from
1559 2519 1611 2544 on
1626 2509 1767 2554 high-

300 2557 466 2602 Though
482 2566 598 2602 every
614 2559 794 2604 prospect
806 2556 964 2599 pleases,

1145 2552 1252 2588 Shall
1267 2563 1340 2598 we,
1356 2556 1398 2589 to
1413 2563 1504 2589 man
1520 2553 1743 2600 benighted,

352 2602 443 2638 And
459 2602 551 2646 only
567 2611 658 2636 man
674 2602 708 2636 is
723 2600 816 2635 vile!

1187 2598 1270 2633 The
1281 2599 1386 2642 lamp
1402 2599 1447 2634 of
1457 2599 1526 2634 life
1541 2598 1667 2643 deny?

302 2649 351 2684 In
367 2648 471 2690 vain,
491 2647 587 2682 with
603 2645 728 2681 lavish
744 2644 940 2687 kindness,

1144 2642 1339 2679 Salvation
1350 2644 1362 2678 !
1379 2644 1443 2686 oh,
1459 2642 1659 2680 salvation

343 2695 427 2727 The
441 2692 533 2736 gifts
548 2691 592 2726 of
604 2689 688 2725 God
704 2698 769 2725 are
784 2692 948 2729 strewn;

1190 2687 1272 2722 The
1283 2687 1413 2732 joyful
1429 2686 1554 2724 sound
1568 2686 1767 2733 proclaim,

300 2737 383 2772 The
398 2736 577 2779 heathen,
594 2735 636 2769 in
651 2734 753 2769 their
769 2733 977 2776 blindness,

1145 2732 1223 2766 Till
1238 2732 1383 2768 earth's
1397 2733 1580 2768 remotest
1594 2732 1726 2767 nation

346 2782 441 2816 Bow
455 2781 570 2815 down
585 2784 626 2815 to
641 2777 751 2814 wood
767 2778 842 2813 and
858 2781 979 2813 stone.

1190 2776 1273 2812 Has
1288 2776 1444 2812 learned
1459 2775 1663 2814 Messiah's
1677 2784 1799 2810 name.

1069 2819 1113 2854 59
