1457 1972
555 198 718 227 REVISED
735 198 881 227 HYMNS.

1115 185 1197 228 109

286 273 381 309 Fain
395 272 516 309 would
528 283 584 308 we
596 272 698 309 leave
710 272 785 308 this
797 282 917 317 weary
928 273 1029 315 road,

286 317 372 353 And
384 317 485 363 sleep
498 317 539 352 in
553 316 675 360 death,
694 316 768 353 and
780 318 856 353 rest
867 318 908 352 in
923 317 1016 353 God.

246 409 354 460 153

538 420 622 456 THE
634 421 773 456 LORD'S
785 419 879 456 DAY.

1083 420 1123 456 C.
1140 420 1191 456 M.

288 484 356 563 T

354 485 438 522 HIS
451 487 486 522 is
498 486 563 522 the
576 486 648 530 day
660 486 725 522 the
736 485 835 522 Lord
848 485 936 522 hath
949 486 1067 528 made,

398 530 460 566 He
472 531 560 565 calls
573 531 637 566 the
650 530 762 567 hours
773 530 834 566 his
847 539 950 572 own;

285 574 357 610 Let
368 574 506 610 heaven
519 575 664 618 rejoice,
679 574 733 609 let
746 575 849 610 earth
861 574 909 610 be
921 574 1016 618 glad,

329 618 412 654 And
425 618 544 664 praise
556 619 735 654 surround
753 618 818 654 the
830 619 970 654 throne.

240 685 266 719 2
286 683 425 728 To-day
438 684 486 719 he
499 692 594 727 rose,
610 683 682 720 and
694 683 766 720 left
776 684 842 719 the
857 684 959 726 dead,

329 728 412 763 And
425 728 566 764 Satan's
581 728 718 772 empire
729 728 796 764 fell
804 740 816 772 ;

286 772 425 816 To-day
435 772 500 808 the
512 773 627 808 saints
638 772 699 807 his
710 772 893 817 triumphs
905 771 1047 817 spread,

330 817 413 851 And
424 816 474 851 all
487 815 546 851 his
559 815 723 852 wonders
737 816 809 851 tell.

240 883 265 918 3
285 882 459 918 Hosanna
471 885 512 917 to
524 882 589 917 the
602 881 772 917 anointed
785 882 896 927 King,

329 926 385 962 To
398 926 546 962 David's
558 925 645 971 holy
655 926 741 965 Son
740 939 750 968 ;

284 970 382 1014 Help
396 979 451 1011 us,
471 970 503 1005 O
515 970 633 1011 Lord;
658 969 822 1012 descend,
841 969 914 1006 and
928 969 1037 1015 bring

328 1013 512 1050 Salvation
524 1014 622 1049 from
635 1014 703 1059 thy
716 1014 857 1050 throne.

238 1080 265 1116 4
285 1080 458 1116 Hosanna
472 1082 512 1115 in
525 1080 591 1116 the
604 1080 752 1125 highest
764 1080 897 1116 strains

328 1124 407 1160 The
421 1124 566 1160 Church
579 1134 629 1160 on
644 1124 744 1160 earth
758 1133 827 1160 can
839 1125 930 1163 raise
942 1137 953 1164 ;

284 1168 364 1203 The
376 1168 523 1212 highest
534 1167 690 1204 heavens
702 1168 743 1203 in
758 1167 876 1204 which
889 1168 938 1204 he
950 1169 1073 1213 reigns

328 1211 429 1248 Shall
441 1212 526 1257 give
538 1211 617 1248 him
630 1212 759 1248 nobler
771 1212 900 1258 praise.

243 1299 351 1350 154

393 1312 505 1348 JESUS
517 1321 593 1348 THE
606 1313 710 1354 WAY,
720 1320 798 1348 THE
812 1313 953 1355 TRUTH,
968 1321 1045 1348 AND
1082 1311 1190 1350 C.M.

613 1365 689 1391 THE
701 1356 807 1392 LIFE.

286 1421 352 1500 T

354 1422 455 1458 HOU
470 1425 527 1458 art
539 1423 604 1458 the
618 1422 721 1467 Way
717 1436 728 1466 ;
752 1424 793 1458 to
805 1423 891 1458 thee
904 1422 1010 1458 alone

394 1466 504 1502 From
518 1466 577 1502 sin
590 1467 663 1502 and
677 1466 787 1502 death
800 1477 855 1502 we
867 1466 938 1503 flee
951 1480 962 1509 ;

282 1509 365 1546 And
378 1510 427 1545 he
440 1511 521 1546 who
535 1509 655 1546 would
667 1510 731 1546 the
743 1510 879 1546 Father
891 1511 980 1546 seek

324 1554 425 1590 Must
439 1554 524 1590 seek
536 1554 626 1596 him,
643 1554 752 1597 Lord,
771 1554 822 1600 by
834 1555 931 1591 thee.

236 1622 261 1655 2
281 1620 389 1656 Thou
402 1621 459 1655 art
472 1620 535 1655 the
550 1619 690 1661 Truth;
711 1619 778 1664 thy
792 1620 893 1656 word
907 1620 1012 1656 alone

325 1664 423 1700 True
436 1663 587 1700 wisdom
601 1672 670 1699 can
682 1664 842 1710 impart;
