2422 3701
979 219 1174 287 1885

965 313 1159 384 Gold

951 510 1115 625 28

941 612 1144 699 Schl

837 1042 1622 1133 SALUTATORY.

505 1318 566 1359 IN
584 1317 662 1359 the
679 1315 1032 1370 accompanying
1050 1316 1176 1359 work
1193 1316 1272 1358 the
1289 1316 1470 1360 Author
1492 1317 1576 1359 has
1599 1317 1769 1371 sought
1792 1321 1840 1358 to
1865 1317 2066 1359 embrace

398 1381 447 1424 in
465 1395 493 1424 a
516 1382 783 1424 convenient
809 1382 962 1435 shape,
985 1395 1014 1423 a
1030 1381 1184 1424 varied
1211 1381 1446 1424 collection
1473 1381 1526 1424 of
1545 1381 1720 1436 orignal
1740 1382 1903 1424 Sacred
1920 1382 2067 1435 Songs

398 1447 488 1488 and
508 1447 700 1497 Hymns,
716 1445 866 1489 which
877 1445 971 1488 will
988 1446 1153 1499 supply
1171 1450 1219 1488 to
1235 1445 1642 1497 Sabbath-schools,
1660 1447 1810 1489 Praise
1827 1446 2062 1500 Meetings,

398 1510 489 1552 and
507 1511 657 1553 Home
675 1509 841 1554 Circles
858 1511 1047 1564 popular
1068 1509 1317 1561 selections,
1338 1510 1451 1552 from
1476 1510 1626 1552 which
1651 1510 1916 1564 everything
1941 1510 2065 1563 inap-

399 1576 622 1628 propriate
649 1579 696 1617 to
720 1574 886 1628 special
912 1574 1000 1617 and
1026 1574 1206 1628 general
1233 1585 1336 1616 uses
1360 1575 1443 1616 has
1468 1575 1581 1617 been
1606 1574 1877 1625 eliminated,
1900 1575 1989 1617 and
2018 1575 2066 1616 in

399 1638 548 1681 which
560 1639 638 1681 the
648 1638 792 1681 music
799 1638 892 1680 will
903 1638 959 1680 be
969 1637 1109 1680 found
1120 1638 1170 1680 in
1180 1638 1342 1680 closest
1350 1639 1590 1692 sympathy
1599 1638 1710 1680 with
1721 1639 1798 1680 the
1809 1638 2061 1681 sentiment.

506 1721 621 1765 THE
640 1722 850 1766 GOLDEN
866 1723 1051 1774 SHEAF,
1069 1724 1160 1765 No.
1186 1734 1223 1772 I,
1241 1722 1335 1764 will
1353 1722 1409 1764 be
1422 1722 1626 1765 followed
1641 1722 1701 1774 by
1715 1723 1844 1764 other
1856 1723 2066 1765 numbers

400 1787 453 1830 of
472 1787 664 1829 uniform
682 1787 773 1830 size
790 1787 880 1830 and
897 1788 1049 1840 shape,
1071 1786 1161 1829 and
1176 1792 1226 1828 at
1239 1788 1316 1829 the
1333 1799 1454 1829 same
1466 1787 1653 1841 popular
1665 1786 1796 1840 price,
1810 1786 1961 1829 which
1973 1786 2067 1828 will

400 1851 557 1894 enable
575 1851 704 1893 those
721 1851 856 1905 using
869 1851 992 1894 them
1005 1856 1054 1893 to
1066 1864 1213 1894 renew
1226 1851 1315 1893 and
1328 1850 1481 1893 obtain
1494 1850 1613 1893 fresh
1626 1852 1772 1904 Songs
1783 1851 1872 1893 and
1887 1852 2067 1903 Hymns

401 1922 449 1959 at
465 1928 625 1972 proper
641 1916 866 1960 intervals.

507 1999 622 2043 THE
643 2001 852 2044 GOLDEN
876 2000 1061 2052 SHEAF,
1083 2001 1175 2043 No.
1201 2012 1237 2050 I,
1260 2012 1343 2043 can
1368 1999 1425 2041 be
1449 1998 1542 2041 had
1566 2005 1615 2041 at
1638 2000 1791 2052 $12.00
1814 2011 1893 2053 per
1912 1995 1932 2048 (
1937 2000 2065 2049 100);

401 2077 465 2118 or,
499 2078 549 2118 I5
575 2069 699 2107 cents
724 2078 752 2106 a
775 2064 922 2118 single
946 2077 1075 2119 copy,
1105 2064 1259 2107 bound
1290 2064 1339 2106 in
1367 2063 1506 2106 board
1532 2076 1713 2109 covers;
1746 2076 1809 2114 or,
1837 2064 1964 2117 $9.00
1988 2076 2067 2117 per

404 2130 547 2184 (100);
577 2141 641 2180 or,
667 2140 718 2172 IO
735 2132 858 2172 cents
876 2142 904 2171 a
920 2128 1067 2182 single
1091 2140 1220 2183 copy,
1243 2127 1396 2171 bound
1420 2128 1470 2170 in
1494 2139 1631 2181 paper
1656 2139 1822 2178 covers,
1845 2139 1966 2180 upon
1990 2139 2066 2180 ap-

400 2193 616 2248 plication
634 2198 681 2236 to
699 2192 778 2235 the
794 2191 1038 2248 publisher.

1440 2245 1486 2281 O.
1503 2245 1562 2281 W.
1578 2246 1843 2286 SCHAEFFER,

1623 2301 1811 2343 Romney,
1829 2299 1887 2336 W.
1906 2300 1974 2335 Va.

553 2474 648 2512 This
662 2476 768 2513 work
782 2475 928 2523 having
941 2476 1039 2513 been
1055 2475 1317 2522 copyrighted,
1331 2487 1383 2513 no
1398 2474 1581 2512 selection
1596 2472 1802 2511 contained
1815 2472 1858 2509 in
1872 2472 1905 2509 it
1924 2483 1995 2509 can
2018 2474 2066 2510 be

399 2531 603 2578 published
616 2530 779 2568 without
791 2531 860 2568 the
873 2531 1025 2568 written
1040 2533 1202 2567 consent
1213 2531 1261 2567 of
1275 2531 1344 2568 the
1358 2531 1516 2567 Author.

1033 3058 1061 3082 J.
1072 3058 1107 3081 M.
1121 3058 1314 3082 ARMSTRONG
1330 3059 1351 3082 &
1365 3059 1424 3086 CO.,

1077 3096 1159 3119 MUSIC
1172 3098 1383 3124 TYPOGRAPHERS,

1111 3134 1293 3164 Philadelphia,
1308 3135 1353 3158 Pa.
