2537 3026
1587 243 1896 294 SUMMER
1937 245 2145 293 SONG.

1504 358 1546 387 E.
1560 358 1601 386 E.
1616 357 1840 389 REXFORD.
1924 359 1967 388 B.
1980 359 2018 388 C.
2033 359 2224 389 UNSELD.

1527 569 1556 603 1.
1571 568 1712 605 "Come
1707 568 1805 609 out,"
1814 570 1911 612 sings
1920 571 1979 604 the
1989 570 2066 605 lark
2074 580 2115 605 as
2148 572 2195 606 he

1523 622 1555 655 2.

1627 622 1703 656 Her
1717 623 1817 657 voice
1838 625 1869 657 is
1910 633 1951 658 as
1960 626 2069 660 sweet
2075 634 2116 659 as
2137 625 2198 659 the

1525 675 1557 709 3.
1586 676 1717 711 "Come
1732 682 1795 711 out
1810 677 1879 711 and
1888 678 1931 711 be
1941 677 2057 719 glad,"
2063 679 2160 721 sings
2168 679 2229 713 the

1502 767 1546 822 I

1597 768 1654 810 b4

1574 812 1599 849 b

1593 951 1617 993 b

1576 1000 1598 1034 0

1642 1089 1719 1123 flies
1739 1089 1832 1123 from
1843 1091 1902 1122 the
1911 1092 1978 1123 clo-
1993 1098 2067 1129 ver,
2081 1088 2214 1124 "Come

1643 1151 1732 1185 song
1772 1143 1814 1176 of
1840 1143 1902 1177 the
1911 1143 1961 1177 lin
1975 1161 1989 1169 -
1999 1145 2074 1184 net,
2096 1142 2216 1177 When

1629 1196 1724 1230 wind
1774 1197 1811 1230 in
1840 1196 1901 1230 the
1912 1196 1980 1230 clo-
1993 1205 2066 1237 ver,
2087 1198 2186 1231 "The

1572 1542 1594 1578 b

1641 1645 1736 1682 out,"
1751 1645 1841 1678 cries
1855 1645 1918 1678 the
1928 1653 2023 1678 wren
2038 1644 2133 1678 from
2147 1643 2205 1678 his

1627 1698 1737 1732 heard
1760 1697 1833 1732 like
1876 1706 1900 1731 a
1921 1697 1996 1731 lute
2052 1706 2100 1732 on
2135 1699 2199 1732 the

1641 1761 1720 1785 sum
1732 1770 1747 1778 -
1761 1761 1837 1785 mer
1865 1752 1896 1786 is
1917 1751 2003 1785 here
2045 1761 2099 1785 we
2121 1751 2215 1786 have

401 2141 423 2178 b

455 2293 536 2325 nest
618 2290 669 2334 by
712 2291 772 2325 the
784 2300 900 2331 leaves,
909 2289 1148 2333 "Comeout,"
1164 2292 1260 2335 sings
1272 2292 1333 2327 the
1341 2291 1406 2326 rob
1418 2310 1431 2318 -
1442 2292 1491 2334 in,
1514 2289 1647 2326 "Come
1662 2288 1757 2330 out,"
1791 2287 1880 2323 calls
1888 2288 1949 2323 the
1955 2287 2091 2333 plover,
2094 2288 2183 2323 "For

455 2354 539 2390 hills

608 2355 668 2391 far
725 2365 758 2390 a-
774 2366 865 2399 way,
948 2355 1027 2389 The
1066 2357 1132 2391 but
1144 2375 1158 2383 -
1171 2360 1227 2391 ter
1239 2373 1253 2381 -
1264 2365 1335 2399 cup
1345 2357 1471 2400 laughs
1478 2360 1516 2391 to
1579 2356 1643 2390 the
1671 2355 1737 2389 bee
1802 2353 1962 2397 rock-ing
1969 2353 2006 2390 in
2013 2353 2052 2394 it,
2108 2352 2192 2387 And

456 2421 544 2454 wait
560 2438 573 2447 -
614 2421 660 2455 ed
715 2431 755 2455 SO
776 2420 892 2464 long."
905 2421 1050 2457 There's
1060 2422 1136 2465 joy,
1171 2421 1244 2455 like
1286 2431 1309 2455 a
1322 2421 1434 2462 smile,
1448 2421 1487 2455 in
1570 2420 1633 2455 the
1663 2420 1759 2454 skies
1794 2419 1872 2453 that
1882 2418 1973 2453 bend
1983 2426 2079 2459 over;
2112 2417 2189 2452 The

1244 2706 1317 2748 (30)
