2758 2225
1110 138 1287 204 Work,
1320 139 1551 196 Brother.

2406 144 2474 197 33

293 208 374 237 MRS.
399 206 433 235 C.
451 207 489 235 L.
506 204 764 235 SHACKLOCK.

2225 206 2375 236 J.H.R.

223 426 254 460 1.
280 422 391 459 Have
404 431 482 468 you
495 420 647 459 worked
660 420 701 455 in
715 420 783 456 the
796 419 974 456 Master's
987 419 1198 467 vineyard?
1215 420 1328 457 Have
1344 431 1423 466 you
1439 420 1501 457 led
1519 425 1559 457 to
1585 421 1652 457 the
1677 430 1842 458 nar-row
1858 431 1942 467 way
1991 422 2025 457 A
2061 441 2075 450 -
2097 431 2152 467 ny

2170 420 2340 469 fainting

2361 422 2439 459 and

220 482 254 518 2.

279 481 392 517 Have
404 489 483 526 you
496 477 650 517 worked
662 477 703 512 in
716 477 785 514 the
798 476 971 515 Master's
984 476 1196 526 vineyard?
1209 478 1322 515 Have
1333 490 1410 525 you
1420 479 1560 526 sought
1572 477 1624 524 by
1638 489 1737 525 your
1748 478 1814 515 life
1828 483 1868 515 to
1879 488 1995 525 prove
2005 478 2107 515 That
2119 489 2198 525 you
2210 479 2311 516 walk
2327 479 2368 515 in
2386 479 2454 516 the

219 539 252 575 3.

278 538 317 574 Is

363 537 430 573 the

476 535 580 583 light
602 535 645 572 of
666 546 768 582 your
789 534 896 584 lamp
919 547 943 573 a
988 535 1171 580 bea-con,
1207 536 1309 573 That
1322 536 1399 572 will
1408 536 1525 584 guide
1539 537 1605 573 the
1620 536 1820 573 wand'rers
1834 536 1948 573 home
1958 536 1978 572 ?
1992 536 2105 573 Have
2123 547 2201 583 you
2221 536 2299 574 laid
2318 548 2371 584 up
2395 549 2420 574 a

220 598 254 633 4.
279 595 391 632 Have
411 604 490 641 you
503 591 698 634 sheltered
719 593 786 630 the
802 604 895 641 poor
911 592 988 630 and
1006 592 1128 640 needy
1137 594 1158 630 ?
1174 593 1287 631 Have
1297 605 1374 640 you
1386 595 1551 641 brightened
1561 596 1637 631 their
1648 594 1778 631 hearts
1787 593 1862 630 and
1875 594 2020 631 homes
2048 593 2127 631 Can
2149 605 2226 640 you
2246 595 2339 632 offer
2371 596 2439 632 the

1632 851 1822 879 CHORUS.

303 1059 475 1107 falt'ring
498 1058 667 1103 brother,
729 1058 829 1095 Who
853 1058 923 1094 has
960 1069 1057 1104 gone
1081 1058 1177 1094 from
1196 1059 1263 1094 the
1284 1057 1366 1094 fold
1400 1069 1424 1094 a
1445 1078 1460 1085 -
1480 1059 1611 1105 stray?

303 1122 464 1155 nar-row
487 1117 680 1165 pathway,
728 1115 832 1153 That
855 1126 934 1162 you
956 1118 1059 1153 trust
1095 1115 1136 1152 in
1176 1116 1243 1152 the
1265 1114 1462 1153 Saviour's
1484 1115 1590 1153 love?
1620 1115 1750 1160 Work,
1772 1114 1940 1159 brother,
1957 1115 2016 1151 for
2034 1115 2103 1152 the
2123 1114 2267 1152 Master
2283 1117 2438 1157 cometh

302 1173 459 1223 gold-en
505 1175 675 1212 har-vest
732 1174 810 1210 For
856 1174 924 1210 the
967 1173 1033 1210 life
1095 1175 1136 1209 in
1177 1174 1245 1210 the
1259 1173 1380 1210 world
1403 1177 1444 1210 to
1475 1179 1583 1211 come

1590 1174 1609 1209 ?

302 1235 462 1270 sheaves
477 1233 520 1270 of
534 1232 712 1280 gladness
735 1231 862 1269 When
878 1232 945 1268 the
960 1231 1064 1268 Lord
1096 1231 1141 1269 of
1179 1231 1245 1268 the
1264 1231 1336 1268 har
1348 1251 1363 1260 -
1371 1237 1459 1269 vest
1479 1232 1624 1269 comes?

268 1697 397 1742 Work,
416 1699 584 1744 brother,
599 1697 650 1736 he
667 1698 748 1736 will
762 1709 830 1745 say
847 1701 889 1735 to
904 1698 997 1736 thee
1008 1710 1019 1735 :
1041 1696 1150 1736 "For
1161 1698 1252 1735 thee
1266 1698 1291 1735 I
1304 1698 1378 1735 left
1394 1699 1460 1735 the
1476 1698 1615 1734 realms
1632 1696 1675 1734 of
1692 1697 1828 1745 glo-ry,
1854 1695 1975 1733 What
1982 1696 2072 1733 hast
2081 1696 2178 1733 thou
2187 1696 2287 1734 done
2298 1697 2358 1734 for
2367 1697 2479 1735 me?"

298 1928 440 1957 Copyright,
448 1931 510 1956 1886,
520 1932 553 1956 by
566 1931 699 1954 FILLMORE
711 1930 786 1954 BROS.
