2151 2802
241 190 283 255 8

719 184 1070 276 Elementary
1085 186 1462 274 Department.

905 298 1143 341 CHAPTER
1165 300 1253 340 XII.

863 368 1068 409 MELODICS.
1123 370 1239 416 Clefs.

292 450 353 490 79.
379 449 460 488 The
474 451 642 489 notation
656 450 702 487 of
713 461 740 487 a
751 450 856 496 piece
870 450 916 487 of
924 451 1042 488 music
1057 450 1191 489 should
1205 452 1252 488 be
1267 452 1358 498 kept
1371 463 1413 490 as
1426 455 1539 491 much
1553 464 1596 492 as
1610 455 1770 501 possible
1783 456 1888 494 with-

241 498 286 534 in
294 499 359 534 the
367 498 455 544 long
462 498 557 534 lines
566 497 640 534 and
649 506 779 542 spaces
789 497 835 532 of
843 499 906 533 the
914 498 1013 535 staff.
1033 496 1178 536 Ladies'
1187 499 1310 537 voices
1321 509 1383 536 are
1391 500 1521 546 higher
1528 502 1619 538 than
1627 502 1746 539 men's
1756 503 1890 549 voices,

244 544 320 581 and
333 545 374 579 in
388 545 496 581 order
509 547 549 580 to
563 546 752 590 represent
765 545 830 580 the
844 544 986 588 pitches
999 546 1104 581 these
1117 549 1193 582 two
1209 545 1344 583 classes
1358 546 1404 582 of
1417 548 1542 585 voices
1555 548 1648 595 sing,
1664 550 1729 586 the
1742 550 1835 586 staff
1846 550 1881 586 is

242 591 352 628 made
367 594 407 627 to
419 594 608 636 represent
620 590 762 636 pitches
775 591 816 626 in
831 593 903 626 two
919 601 1032 637 ways.
1060 590 1181 628 When
1194 591 1226 628 it
1238 593 1272 628 is
1286 594 1431 631 wanted
1446 598 1484 630 to
1498 598 1686 640 represent
1699 597 1763 631 the
1774 596 1894 641 pitch-

243 670 287 697 es
298 661 379 696 that
393 659 508 697 ladies
523 661 615 706 sing,
636 660 710 696 this
726 660 922 706 character,

1069 660 1186 698 called
1199 663 1264 698 the
1280 662 1431 700 TREBLE
1446 663 1555 708 CLEF,
1590 665 1623 700 is
1638 669 1704 708 put
1734 674 1835 710 upon
1848 665 1888 701 it.

240 706 325 744 The
339 706 431 743 staff
443 707 534 743 then
547 711 752 751 represents
778 707 920 750 pitches

1070 717 1112 743 as
1135 707 1294 745 follows:
1320 708 1401 745 The
1430 709 1510 746 first
1538 710 1655 747 added
1669 711 1745 747 line
1774 711 1893 748 below

241 754 370 790 stands
382 753 446 789 for
454 754 520 789 the
528 754 630 799 pitch
641 753 685 798 C;
701 754 765 789 the
778 753 858 789 first
871 762 980 798 space

1073 753 1199 799 (space
1212 753 1349 802 below)
1378 756 1506 793 stands
1528 757 1592 792 for
1617 758 1718 802 pitch
1732 757 1781 802 D;
1815 757 1893 794 first

242 799 322 837 line
334 799 380 843 E;
399 800 536 836 second
549 807 661 843 space
674 799 720 845 F;
739 800 876 836 second
889 799 963 835 line
980 800 1024 843 G;
1043 801 1142 837 third
1156 809 1267 845 space
1282 802 1329 846 A;
1347 802 1446 838 third
1474 802 1550 839 line
1564 803 1609 847 B;
1629 803 1755 840 fourth
1782 813 1892 849 space

242 845 288 891 C;
304 845 434 883 fourth
447 846 523 882 line
537 846 585 890 D;
603 846 691 882 fifth
705 855 816 891 space
840 845 887 890 E;
904 845 994 881 fifth
1008 846 1082 882 line
1097 846 1141 891 F;
1160 847 1260 884 sixth
1275 857 1389 892 space
1404 849 1446 885 G.
1477 849 1517 885 If
1532 861 1587 885 we
1603 861 1651 895 go
1668 850 1808 897 higher,
1827 852 1891 887 the

242 893 387 939 pitches
400 893 631 937 represented
645 893 686 928 in
702 893 847 938 regular
863 892 969 928 order
999 901 1072 938 are,
1093 894 1138 938 A,
1158 894 1203 939 B,
1223 894 1265 939 C,
1284 894 1332 939 D,
1353 898 1421 931 etc.
1467 895 1546 931 The
1561 896 1679 933 added
1708 896 1803 933 lines
1818 898 1891 933 and

243 948 372 984 spaces
386 940 507 976 below
520 943 707 983 represent
721 940 863 983 pitches
878 949 919 974 as
932 937 1094 986 follows,
1114 938 1314 989 beginning
1327 941 1418 977 with
1448 941 1528 978 first
1541 942 1660 979 added
1674 942 1760 979 line:
1780 943 1821 988 C,
1840 943 1884 988 B,

240 986 290 1031 A,
311 985 376 1030 G,.
395 989 465 1023 etc.

290 1034 348 1069 80.
376 1032 498 1068 When
511 1034 576 1068 the
586 1033 678 1068 staff
690 1033 723 1067 is
739 1033 884 1069 wanted
898 1035 937 1068 to
952 1036 1139 1077 represent
1153 1034 1215 1069 the
1232 1034 1373 1078 pitches
1386 1036 1467 1071 that
1481 1043 1567 1070 men
1582 1036 1674 1082 sing,
1694 1037 1768 1072 this
1783 1037 1889 1072 char-

240 1082 353 1123 acter,

378 1070 446 1133 9:
473 1078 591 1115 called
604 1079 668 1115 the
681 1078 785 1115 BASE
799 1079 908 1125 CLEF,
922 1079 955 1114 is
969 1082 1037 1122 put
1050 1089 1149 1124 upon
1163 1081 1203 1116 it.
1232 1081 1312 1116 The
1326 1080 1418 1116 staff
1426 1082 1515 1117 then
1525 1086 1732 1126 represents
1746 1082 1890 1127 pitches

240 1149 283 1183 in
296 1149 360 1184 the
375 1146 569 1195 following
584 1148 700 1193 order,
721 1147 920 1196 beginning
934 1149 1025 1184 with
1039 1150 1104 1184 the
1118 1149 1199 1186 first
1210 1150 1297 1186 line:
1319 1150 1363 1195 G,
1384 1151 1429 1194 A,
1449 1150 1494 1195 B,
1515 1150 1556 1194 C,
1575 1150 1623 1194 D,
1642 1151 1687 1196 E,
1705 1151 1750 1198 F,
1771 1152 1815 1196 G,
1836 1152 1882 1196 A,

241 1193 287 1240 B,
305 1195 363 1240 C,.
383 1199 452 1231 etc.

289 1242 347 1278 81.
374 1241 456 1277 The
469 1241 549 1277 first
563 1241 681 1278 added
695 1241 771 1277 line
784 1242 905 1278 below
921 1244 1029 1278 when
1044 1244 1107 1277 the
1121 1243 1238 1279 treble
1251 1243 1329 1279 clef
1344 1244 1376 1279 is
1390 1244 1489 1288 used,
1511 1244 1584 1280 and
1598 1244 1662 1280 the
1675 1244 1757 1281 first
1770 1244 1887 1282 added

240 1289 361 1325 above
375 1290 485 1324 when
498 1289 563 1323 the
577 1289 664 1323 base
679 1288 757 1323 clef
770 1289 804 1323 is
818 1288 918 1333 used,
935 1292 1125 1334 represent
1138 1290 1202 1325 the
1216 1299 1318 1325 same
1327 1290 1429 1334 pitch
1445 1289 1486 1333 C,
1505 1290 1578 1326 and
1593 1300 1655 1326 are
1668 1293 1734 1327 the
1764 1295 1887 1328 centre

241 1334 317 1371 and
328 1333 534 1378 junctional
551 1335 656 1378 point
670 1334 715 1370 of
729 1335 792 1370 the
806 1338 881 1370 two
897 1339 1030 1371 staves.
1056 1335 1136 1371 The
1148 1337 1250 1379 pitch
1264 1337 1352 1381 they
1364 1335 1501 1382 jointly
1527 1340 1717 1380 represent
1729 1338 1763 1374 is
1774 1338 1887 1375 about

238 1381 403 1427 midway
419 1382 482 1416 the
497 1382 594 1416 male
609 1381 683 1416 and
700 1380 839 1418 female
855 1382 990 1426 voices,
1007 1382 1079 1417 and
1090 1382 1125 1417 is
1139 1382 1255 1419 called
1269 1382 1425 1419 MIDDLE
1439 1383 1480 1419 C.
1508 1383 1576 1419 See
1592 1385 1654 1419 the
1669 1383 1864 1431 following

963 1438 1157 1477 EXAMPLE.

265 1660 306 1716 9

883 1780 1119 1818 CHAPTER
1144 1781 1247 1818 XIII.

755 1849 958 1887 MELODICS.
1013 1848 1258 1896 Keys-Key
1275 1850 1329 1896 of
1333 1851 1371 1886 C.

288 1919 346 1955 82.
373 1918 495 1962 Every
510 1919 609 1955 scale
620 1919 693 1954 and
708 1923 796 1954 tune
805 1920 837 1954 is
852 1919 982 1954 within
997 1928 1100 1955 some
1114 1919 1199 1964 key.
1232 1919 1314 1955 One
1330 1919 1375 1955 of
1388 1929 1498 1965 every
1513 1920 1611 1956 scale
1625 1921 1659 1956 is
1686 1921 1804 1957 called
1817 1922 1881 1957 the

239 1964 428 2011 key-tone,
447 1965 521 2000 and
534 1966 598 2000 the
612 1965 715 2009 pitch
730 1966 842 2001 taken
855 1965 918 2001 for
932 1966 996 2001 the
1010 1965 1185 2009 key-tone
1199 1966 1301 2010 gives
1314 1975 1424 2001 name
1437 1971 1477 2002 to
1490 1968 1555 2002 the
1563 1967 1647 2012 key.
1674 1968 1785 2012 Thus,
1804 1967 1841 2002 if
1851 1968 1882 2005 C

239 2012 289 2048 be
303 2020 385 2057 one,
404 2013 469 2047 the
482 2012 580 2047 scale
594 2021 637 2046 or
651 2015 739 2047 tune
753 2013 786 2047 is
799 2013 839 2047 in
851 2013 914 2047 the
929 2013 1002 2056 key
1016 2012 1062 2047 of
1070 2012 1112 2056 C;
1129 2012 1165 2047 if
1177 2012 1214 2047 D
1230 2013 1276 2047 be
1291 2022 1371 2058 one,
1390 2013 1422 2047 it
1435 2014 1468 2048 is
1481 2013 1522 2047 in
1532 2014 1596 2049 the
1605 2014 1677 2058 key
1688 2013 1732 2049 of
1744 2013 1793 2058 D;
1807 2018 1874 2051 etc.

288 2059 347 2095 83.
373 2057 530 2093 Musical
543 2057 761 2095 instruction
776 2059 921 2103 usually
936 2059 1063 2103 begins
1078 2059 1169 2094 with
1183 2060 1246 2094 the
1261 2059 1334 2103 key
1347 2059 1395 2095 of
1409 2060 1446 2094 C.
1475 2060 1556 2095 The
1570 2060 1662 2095 staff
1673 2060 1707 2095 is
1721 2062 1829 2096 made
1840 2064 1879 2096 to

237 2108 430 2149 represent
438 2105 502 2139 the
516 2105 590 2149 key
605 2105 650 2138 of
663 2105 695 2139 C
710 2106 758 2150 by
774 2106 911 2150 having
924 2115 1021 2140 none
1037 2105 1082 2139 of
1094 2105 1142 2140 its
1156 2104 1305 2151 degrees
1320 2105 1505 2151 modified;
1522 2107 1618 2151 thus,

381 2162 503 2197 SCALE
517 2171 564 2196 OF
579 2161 623 2204 C,
640 2161 773 2199 Treble
788 2161 882 2198 Clef.

1214 2162 1335 2199 SCALE
1350 2172 1397 2198 OF
1411 2162 1452 2208 C,
1470 2163 1567 2199 Base
1582 2163 1676 2200 Clef.

324 2368 399 2414 Do,

415 2368 486 2414 Re,

511 2368 580 2414 Mi,

596 2367 666 2413 Fa,

683 2369 759 2414 Sol,

780 2368 842 2414 La,

878 2368 931 2414 Si,

948 2369 1018 2405 Do.

1163 2370 1234 2414 Do,
1251 2369 1319 2414 Re,
1336 2370 1403 2415 Mi,
1428 2371 1495 2415 Fa,
1527 2371 1601 2417 Sol,
1632 2370 1696 2417 La,
1725 2371 1775 2416 Si,
1803 2371 1873 2408 Do.

285 2425 346 2464 84.
371 2425 431 2462 To
443 2426 555 2462 make
567 2426 632 2462 the
646 2425 739 2463 staff
750 2432 936 2472 represent
950 2428 1056 2463 other
1070 2428 1162 2473 keys
1175 2429 1265 2463 than
1276 2428 1315 2473 C,
1337 2438 1407 2464 one
1424 2438 1467 2464 or
1481 2439 1582 2464 more
1598 2429 1643 2464 of
1656 2429 1704 2465 its
1719 2429 1867 2476 degrees

237 2475 342 2509 must
352 2472 403 2508 be
414 2472 599 2511 modified.
