2417 3609
484 439 651 489 THAT
681 437 1029 491 BEAUTIFUL
1056 437 1291 491 GOLDEN
1323 438 1500 491 GATE.
1560 439 1834 493 Concluded.

508 572 603 603 Solo.

640 819 671 847 Is
682 819 772 847 there
782 825 830 847 an-
849 824 872 853 y
906 824 964 846 one
973 819 1048 847 here
1059 819 1130 847 who
1138 819 1166 846 is
1175 820 1231 846 not
1241 818 1393 853 prepared
1402 819 1434 846 to
1444 818 1549 846 en-ter
1559 817 1634 846 that
1643 817 1757 853 golden
1781 817 1876 853 gate?
1903 818 1946 846 Be

1443 1112 1556 1141 Duet.
1575 1113 1698 1142 Tenor
1713 1113 1788 1141 and
1812 1113 1913 1141 Alto.

456 1384 643 1420 read-y,for
648 1390 724 1412 soon
732 1384 787 1411 the
796 1383 874 1411 time
883 1383 948 1411 will
956 1389 1041 1411 come
1049 1384 1083 1411 to
1092 1383 1197 1412 en-ter
1208 1382 1263 1410 the
1272 1382 1386 1416 golden
1419 1384 1504 1417 gate.
1517 1382 1609 1411 Don't
1618 1382 1664 1410 let
1692 1384 1720 1410 it
1758 1383 1798 1411 be
1810 1383 1889 1415 said,
1895 1384 1947 1411 too

461 1868 536 1902 late,

539 1869 675 1901 toolate,
685 1870 719 1897 to
748 1872 790 1897 en
804 1882 820 1890 -
831 1869 884 1897 ter
898 1868 954 1896 the
963 1867 1087 1903 gold-en
1133 1869 1220 1902 gate;
1255 1867 1299 1895 Be
1308 1867 1387 1896 read
1397 1880 1414 1889 -
1420 1873 1454 1902 y,
1485 1866 1534 1895 for
1541 1873 1616 1896 soon
1624 1867 1681 1896 the
1689 1868 1767 1896 time
1775 1867 1842 1896 will
1850 1873 1937 1897 come
1944 1870 1978 1896 to

910 2167 1107 2199 CHORUS.

471 2413 526 2436 en-
537 2408 589 2436 ter
598 2407 673 2436 that
683 2406 797 2441 golden
831 2408 916 2441 gate.
926 2405 1009 2434 That
1018 2404 1126 2434 beauti
1137 2418 1149 2427 -
1160 2404 1348 2441 ful,gold-en

1415 2407 1499 2441 gate,
1530 2405 1612 2434 That
1622 2405 1730 2435 beauti
1741 2419 1756 2427 -
1766 2405 1956 2442 ful,gold-en

1709 2734 1858 2779 Repeat.
1881 2749 1931 2783 pp

486 2942 574 2976 gate;

632 2940 675 2967 Be
686 2939 762 2967 read
773 2952 789 2960 -
797 2945 832 2974 y,
861 2939 911 2967 for
921 2945 997 2968 soon
1005 2939 1060 2967 the
1068 2939 1145 2968 time
1153 2939 1219 2967 will
1226 2945 1312 2968 come
1321 2941 1353 2968 to
1362 2945 1402 2968 en
1413 2952 1426 2961 -
1432 2940 1485 2968 ter
1495 2938 1569 2967 that
1577 2938 1691 2974 golden
1735 2940 1821 2973 gate.

1160 3189 1185 3219 9
