2194 3303
372 245 461 303 No.
483 247 590 304 156.

940 246 1169 319 Seeking
1199 249 1282 304 for
1313 247 1408 306 Me.

1539 327 1575 358 E.
1588 328 1624 357 E.
1635 328 1764 364 HASTY,
1778 328 1822 366 by
1833 334 1904 366 per.

479 529 510 567 1.
534 528 577 567 Je
589 548 603 558 -
613 537 687 574 sus,
701 538 763 576 my
787 529 939 573 Sav-ior,
954 531 992 567 to
1014 528 1254 568 Beth-le-hem
1269 540 1379 576 came,
1401 531 1496 570 Born
1523 532 1565 570 in
1621 540 1647 571 a
1687 543 1856 581 man-ger
1889 537 1927 573 to

477 583 510 620 2.
534 582 576 621 Je
588 601 602 610 -
613 592 685 627 sus,
700 592 762 629 my
785 582 937 627 Sav-ior,
952 593 998 621 on
1018 580 1252 631 Cal - va-ry's
1275 586 1364 629 tree,
1398 584 1487 624 Paid
1507 586 1571 624 the
1591 589 1697 634 great
1710 588 1806 633 debt,
1820 589 1893 627 and
1907 599 1968 636 my

476 636 508 674 3.
531 635 575 674 Je
586 655 602 665 -
699 647 761 683 my
785 636 937 682 Sav-ior,
952 637 1016 675 the
1029 646 1126 675 same
1140 646 1179 676 as
1201 637 1242 676 of
1280 638 1351 683 old,
1397 638 1514 678 While
1534 640 1556 679 I
1599 641 1662 680 did
1684 644 1845 682 wan-der

475 691 509 729 4.
532 691 576 730 Je
587 710 602 719 -
614 699 683 733 sus,
698 700 761 738 my
784 691 937 736 Sav-ior,
947 692 1043 730 shall
1052 701 1147 730 come
1156 691 1249 730 from
1258 702 1304 731 on
1313 692 1415 741 high,
1429 694 1545 733 Sweet
1558 695 1591 733 is
1605 695 1669 734 the
1682 698 1849 744 prom-ise
1885 707 1926 737 as

428 1174 562 1204 sorrow
569 1166 641 1204 and
649 1166 789 1210 shame;
806 1165 875 1205 Oh!
885 1167 918 1204 it
927 1175 1000 1205 was
1008 1166 1222 1205 wonderful!
1238 1165 1331 1204 blest
1341 1167 1383 1204 be
1391 1166 1456 1203 His
1465 1171 1586 1204 name!
1601 1166 1756 1214 Seeking
1767 1167 1823 1205 for
1833 1176 1900 1211 me,
1910 1168 1966 1206 for

456 1220 537 1258 soul
551 1220 604 1258 He
616 1222 672 1258 set
686 1220 780 1264 free;
803 1220 870 1258 Oh!
882 1220 916 1258 it
924 1229 996 1258 was
1006 1220 1219 1259 wonderful!
1236 1220 1316 1257 how
1328 1220 1433 1258 could
1452 1220 1486 1258 it
1507 1219 1578 1258 be?
1595 1220 1736 1268 Dy-ing
1755 1221 1812 1258 for
1830 1231 1899 1265 me,
1910 1222 1965 1260 for

441 1274 503 1312 far
512 1274 606 1313 from
615 1275 678 1313 the
687 1275 772 1319 fold,
785 1275 914 1322 Gently
921 1275 992 1313 and
998 1275 1085 1322 long
1091 1276 1143 1313 He
1150 1274 1240 1313 hath
1247 1274 1350 1321 plead
1358 1274 1448 1312 with
1455 1282 1516 1320 my
1524 1275 1614 1319 soul,
1623 1274 1764 1322 Calling
1771 1275 1827 1313 for
1834 1284 1902 1320 me,
1909 1277 1966 1315 for

442 1338 579 1376 wea-ry
592 1339 698 1377 years
712 1328 778 1378 fly;
797 1328 865 1368 Oh!
887 1329 908 1368 I
918 1329 1014 1368 shall
1028 1339 1087 1367 see
1101 1329 1185 1367 Him
1199 1329 1415 1377 descending
1428 1327 1491 1367 the
1504 1329 1586 1376 sky,
1603 1329 1751 1377 Coming
1764 1330 1822 1368 for
1831 1339 1900 1376 me,
1910 1331 1966 1368 for

916 1624 976 1664 for
995 1632 1066 1670 me,

1585 1622 1645 1662 for
1660 1627 1731 1666 me,

510 1871 580 1907 me,
624 1862 779 1908 Seeking
789 1862 846 1900 for
857 1871 926 1907 me,
957 1861 1111 1908 Seeking
1121 1861 1178 1899 for
1189 1869 1259 1906 me,
1291 1859 1446 1906 Seeking
1456 1859 1513 1897 for
1523 1868 1594 1905 me,
1623 1859 1779 1907 Seeking
1790 1861 1847 1899 for
1857 1870 1927 1906 me,

510 1926 580 1961 me,

623 1916 678 1962 Dy
687 1934 703 1944 -
711 1915 776 1964 ing
788 1917 845 1954 for
855 1926 925 1961 me,
952 1913 1111 1963 Dy-ing
1122 1915 1178 1952 for
1188 1924 1259 1960 me,
1287 1913 1342 1960 Dy
1352 1932 1367 1941 -
1378 1914 1445 1961 ing
1456 1913 1514 1951 for
1524 1922 1594 1958 me,
1624 1913 1679 1960 Dy
1687 1933 1702 1942 -
1711 1914 1778 1960 ing
1792 1914 1847 1952 for
1856 1924 1925 1960 me,

509 1979 580 2014 me,
623 1969 768 2018 Calling
785 1970 842 2009 for
852 1978 923 2014 me,
952 1969 1096 2016 Calling
1117 1969 1175 2007 for
1185 1978 1255 2014 me,
1286 1967 1429 2015 Calling
1454 1968 1511 2006 for
1522 1977 1592 2012 me,
1623 1967 1767 2016 Calling
1787 1968 1846 2007 for
1855 1978 1923 2013 me,

508 2034 578 2070 me,
623 2024 772 2072 Coming
785 2024 843 2062 for
852 2034 922 2069 me,
952 2024 1101 2072 Coming
1114 2023 1173 2062 for
1183 2032 1253 2069 me,
1283 2022 1432 2070 Coming
1453 2022 1510 2060 for
1520 2031 1591 2068 me,
1621 2021 1770 2070 Coming
1789 2023 1845 2060 for
1855 2032 1924 2068 me,

466 2505 529 2552 Oh,
572 2507 605 2545 it
626 2517 699 2545 was
714 2508 964 2548 won-der-ful!
978 2507 1072 2545 blest
1087 2507 1129 2545 be
1144 2506 1209 2545 His
1223 2510 1344 2545 name!
1362 2505 1518 2554 Seeking
1529 2505 1587 2544 for
1596 2514 1667 2549 me,
1681 2505 1739 2543 for

1781 2514 1849 2542 me.

466 2560 529 2603 Oh,
572 2561 606 2598 it
626 2570 701 2598 was
714 2561 961 2599 won-der-ful!
978 2560 1057 2599 how
1072 2562 1176 2600 could
1190 2560 1222 2599 it
1244 2560 1314 2599 be?
1360 2560 1414 2606 Dy
1425 2578 1441 2588 -
1450 2560 1517 2607 ing
1529 2559 1585 2598 for
1596 2569 1666 2603 me,
1681 2558 1739 2598 for

1781 2567 1849 2597 me.

465 2614 597 2662 Gently
610 2615 685 2653 and
697 2615 784 2662 long
794 2615 846 2653 He
859 2613 952 2653 hath
962 2615 1067 2662 plead
1078 2614 1169 2653 with
1180 2624 1242 2662 my
1253 2615 1346 2659 soul,
1363 2614 1507 2662 Calling
1528 2614 1586 2651 for
1596 2623 1665 2657 me,
1681 2612 1738 2651 for

1780 2620 1850 2650 me.

466 2668 529 2714 Oh,
571 2670 594 2708 I
611 2669 708 2707 shall
728 2679 787 2708 see
801 2670 884 2707 Him
900 2670 1115 2717 descending
1136 2669 1199 2708 the
1219 2670 1301 2717 sky,
1360 2668 1510 2716 Coming
1524 2669 1581 2706 for
1595 2677 1665 2713 me,
1680 2667 1738 2706 for

1779 2675 1848 2705 me.

422 2914 521 2947 From

551 2913 657 2947 'Good
665 2914 749 2947 Will

1120 2920 1193 2953 146
