2833 2412
290 224 363 288 20

1039 223 1151 285 MY
1186 226 1358 289 OWN
1397 222 1595 287 DEAR
1631 224 1825 287 HOME

2106 257 2211 293 JOHN
2228 257 2266 292 B.
2275 257 2491 295 VAUGHAN.

699 446 728 463 EXC

463 566 493 596 1.
509 567 625 601 Home,
629 566 709 598 dear
715 567 820 602 home,
823 574 877 597 we
916 573 982 597 nev
991 581 1005 590 -
1020 573 1057 597 er
1101 573 1164 597 can
1197 567 1250 596 for
1260 580 1273 588 -
1291 567 1500 604 get,Friends.
1508 567 1588 598 dear
1594 567 1714 602 friend,
1716 568 1818 598 we oft
1836 581 1850 591 -
1864 575 1908 598 en
1930 569 2024 599 there
2033 569 2118 599 have
2126 571 2199 601 met
2202 579 2213 604 ;
2223 570 2352 600 Press'd
2361 571 2402 606 by
2410 576 2485 601 care
2529 578 2568 601 or

465 600 494 630 2.
505 600 614 631 Lured
644 600 686 634 by
719 601 797 635 gain
820 607 870 630 we
913 602 993 630 seek
1027 607 1048 630 a
1103 601 1155 630 for
1164 614 1179 623 -
1190 602 1263 635 eign
1272 603 1379 635 shore,
1382 600 1482 630 Worn
1489 601 1554 630 and
1564 607 1637 630 wea
1643 616 1656 625 -
1671 607 1711 636 ry
1756 602 1840 636 heap
1858 604 1913 631 the
1941 603 2016 638 gold
2027 619 2040 626 -
2055 609 2099 632 en
2132 610 2195 633 ore
2229 604 2300 633 Still
2334 610 2394 634 our
2405 607 2578 640 yearn-ing

465 634 494 663 3.
543 634 595 664 On
638 635 695 663 the
723 634 791 669 gild
800 647 813 656 -
829 635 871 664 ed
905 640 989 670 page
1025 635 1061 663 of
1076 634 1171 664 earth
1180 647 1193 655 -
1203 634 1236 669 ly
1269 635 1368 668 fame,
1371 634 1465 664 Some
1473 640 1549 669 may
1560 635 1642 670 pant
1673 636 1710 664 to
1758 641 1818 670 reg
1831 649 1847 659 -
1873 635 1902 664 is
1912 649 1925 656 -
1937 637 1988 665 ter
1999 636 2085 665 their
2092 642 2193 667 name
2198 644 2211 671 ;
2217 637 2335 667 Round
2347 644 2407 667 our
2415 644 2529 667 names
2534 644 2577 667 no

1634 968 1803 1006 CHORUS.

444 1226 574 1260 pierced
588 1226 630 1260 by
645 1226 741 1262 grief,
744 1226 850 1256 Home
858 1227 919 1256 has
946 1226 1067 1257 af-ford
1077 1241 1089 1248 -
1096 1227 1139 1257 ed
1173 1232 1214 1257 us
1263 1233 1286 1257 a
1317 1229 1421 1257 sweet
1447 1232 1485 1256 re
1495 1240 1510 1250 -
1524 1228 1593 1257 lief.

443 1260 558 1288 hearts
583 1261 750 1294 de-mand,
752 1260 830 1289 Rest
862 1260 899 1289 in
923 1260 980 1289 the
988 1260 1178 1290 homestead
1186 1260 1222 1289 of
1243 1267 1305 1289 our
1348 1266 1395 1289 na
1403 1276 1415 1284 -
1431 1261 1499 1290 tive
1505 1261 1593 1291 land.

1628 1260 1699 1290 Ten
1709 1273 1721 1281 -
1731 1260 1790 1290 der
1801 1264 1891 1291 mem
1900 1274 1914 1283 -
1931 1268 1952 1292 o
1995 1262 2062 1292 ries
2073 1261 2181 1292 round
2191 1262 2267 1292 thee
2274 1262 2384 1297 twine,
2385 1261 2468 1293 Like
2478 1262 2536 1292 the

438 1293 564 1323 wreath
572 1299 649 1327 may
668 1294 721 1327 be,
755 1293 821 1323 But
854 1300 918 1328 you
925 1300 1000 1328 may
1006 1294 1085 1323 read
1092 1293 1181 1322 them
1190 1299 1233 1323 on
1244 1294 1302 1323 the
1346 1294 1400 1323 old
1412 1293 1507 1323 home
1513 1294 1596 1325 tree.

489 1883 506 1913 i
517 1896 532 1904 -
551 1889 596 1919 vy
606 1889 707 1919 green
717 1884 825 1914 round
833 1884 891 1914 the
905 1884 995 1919 pine,
1027 1884 1056 1914 o
1071 1895 1085 1905 -
1099 1890 1158 1914 ver
1182 1882 1264 1914 land
1275 1884 1342 1914 and
1353 1889 1410 1915 sea
1456 1890 1507 1915 we
1539 1891 1616 1920 may
1631 1884 1802 1920 roam,Still
1819 1890 1868 1914 we
1886 1884 1953 1914 will
1968 1885 2110 1915 cher-ish
2122 1885 2269 1919 thee,our
2284 1891 2358 1915 own

2370 1886 2450 1916 dear

2458 1886 2567 1916 home.
