2573 3613
1133 344 1348 376 PRAYER
1373 345 1486 376 AND
1514 344 1719 377 PRAISE.

513 399 600 437 THE
617 399 734 437 HOUR
751 398 804 437 OF
820 398 1011 437 PRAYER.
1040 397 1080 435 P.
1098 397 1143 435 M.

1238 408 1344 437 Enter
1352 409 1418 437 into
1429 409 1482 443 thy
1492 408 1617 438 closet."

1966 416 1996 438 E.
2012 414 2129 438 MAUDE
2148 415 2254 437 CLINE.

649 650 689 693 My
702 649 761 685 God
783 650 805 684 is
823 660 882 693 an-y
891 648 952 685 hour
970 660 997 683 SO
1016 654 1098 688 sweet,
1107 648 1176 684 From
1188 649 1255 683 blush
1276 648 1306 684 of
1315 655 1381 684 morn
1395 651 1422 683 to
1436 651 1535 693 evening
1548 653 1607 690 star,
1623 650 1653 682 As
1660 649 1715 683 that
1726 648 1806 683 which
1819 648 1884 683 calls
1894 659 1932 683 me
1942 653 1968 682 to
1978 648 2022 692 thy
2032 649 2088 689 feet,
2099 649 2149 684 The
2161 649 2221 685 hour
2228 649 2256 684 of
2266 660 2359 695 prayer.

605 1084 669 1118 Blest
683 1085 705 1118 is
713 1085 759 1118 the
772 1083 875 1128 tranquil
886 1083 945 1118 hour
952 1083 981 1117 of
987 1093 1060 1123 morn,
1069 1083 1120 1118 And
1131 1083 1192 1117 blest
1204 1084 1260 1118 that
1272 1084 1359 1118 solemn
1373 1082 1434 1117 hour
1447 1082 1476 1117 of
1486 1094 1536 1123 eve,
1549 1083 1623 1118 When
1635 1095 1665 1119 on
1679 1085 1724 1119 the
1733 1084 1813 1128 wings
1825 1083 1855 1118 of
1865 1093 1952 1127 prayer
1964 1082 2074 1127 upborne,
2084 1082 2135 1118 The
2145 1081 2218 1117 world
2230 1081 2242 1117 I
2254 1081 2327 1117 leave.

1964 1330 2073 1357 Copyright
2083 1330 2138 1354 1892,
2149 1330 2177 1356 by
2190 1329 2228 1351 C.
2222 1329 2245 1351 C.
2256 1329 2320 1351 Cline.

497 1359 623 1418 194

1098 1379 1252 1406 Charlotte
1263 1380 1380 1406 Elliott.

493 1427 521 1466 2
548 1426 629 1467 For
646 1426 744 1466 then
766 1438 794 1466 a
808 1424 1030 1478 dayspring
1046 1423 1181 1464 shines
1199 1437 1250 1463 on
1271 1436 1348 1472 me,

1442 1423 1467 1463 3
1494 1423 1559 1465 No
1579 1425 1707 1466 words
1724 1437 1801 1465 can
1819 1422 1892 1464 tell
1911 1423 2019 1464 what
2036 1428 2157 1464 sweet
2184 1422 2307 1463 relief

549 1479 739 1533 Brighter
757 1479 859 1519 than
881 1481 1030 1518 moon's
1051 1477 1228 1518 ethereal
1246 1478 1354 1529 glow

1495 1477 1609 1519 Here
1627 1477 1691 1518 for
1708 1491 1778 1530 my
1797 1491 1919 1530 every
1943 1482 2052 1518 want
2071 1477 2094 1517 I
2111 1475 2209 1521 find

494 1534 593 1575 And
613 1533 747 1574 richer
764 1532 873 1573 dews
891 1530 1063 1572 descend
1082 1531 1185 1571 from
1206 1531 1299 1571 thee

1444 1529 1572 1572 What
1586 1532 1769 1584 strength
1789 1531 1853 1571 for
1872 1531 2053 1579 warfare,
2076 1530 2184 1570 balm
2205 1531 2248 1570 for
2272 1529 2348 1583 grief

544 1587 662 1628 Than
680 1587 797 1627 earth
815 1598 890 1626 can
909 1584 1040 1626 know.

1494 1583 1624 1626 What
1641 1597 1763 1636 peace
1781 1584 1830 1625 of
1842 1584 1967 1624 mind
1967 1585 1979 1622 !

491 1642 607 1683 Then
625 1642 660 1682 is
678 1653 746 1693 my
765 1639 947 1690 strength
966 1638 1020 1690 by
1042 1637 1137 1679 thee
1155 1637 1337 1681 renewed
1349 1652 1363 1688 ;

1437 1636 1562 1678 Lord
1602 1637 1665 1678 till
1683 1638 1708 1678 I
1728 1638 1847 1678 reach
1865 1650 1946 1688 yon
1965 1635 2122 1678 blissful
2139 1635 2268 1685 shore,

545 1695 661 1736 Then
680 1707 750 1735 are
771 1706 841 1745 my
859 1694 942 1733 sins
969 1691 1022 1744 by
1045 1691 1139 1732 thee
1159 1691 1358 1742 forgiven,

1492 1691 1558 1733 No
1580 1691 1777 1744 privilege
1795 1704 1837 1732 SO
1855 1691 1953 1731 dear
1970 1690 2073 1730 shall
2087 1690 2138 1730 be

491 1749 608 1790 Then
627 1749 717 1789 dost
733 1747 832 1787 thou
851 1746 969 1787 cheer
994 1758 1065 1798 my
1083 1744 1256 1786 solitude

1440 1744 1500 1786 As
1520 1745 1616 1786 thus
1638 1758 1706 1797 my
1725 1745 1874 1786 inmost
1891 1743 1979 1785 soul
1996 1750 2039 1785 to
2057 1757 2162 1797 pour

546 1802 667 1843 With
682 1801 808 1854 hopes
823 1800 872 1840 of
884 1800 1052 1840 heaven.

1490 1798 1545 1839 In
1562 1811 1711 1853 prayer
1727 1804 1770 1839 to
1788 1798 1893 1839 thee.

529 1885 661 1923 WHAT
676 1885 708 1922 A
725 1884 896 1926 FRIEND.
921 1884 967 1921 8s
985 1883 1020 1922 &
1035 1883 1092 1921 7s.
1113 1883 1150 1920 D.
1179 1892 1269 1921 'Cast
1279 1891 1329 1920 all
1335 1900 1417 1927 your
1425 1898 1496 1919 care
1508 1895 1590 1926 upon
1601 1890 1696 1920 him."

2037 1897 2065 1919 C.
2077 1897 2105 1919 C.
2122 1896 2295 1919 CONVERSE.

646 2111 719 2148 What
737 2123 754 2147 a
773 2111 851 2147 friend
865 2121 905 2146 we
917 2110 978 2146 have
1009 2113 1035 2145 in

1079 2110 1111 2145 Je

1158 2119 1207 2150 sus,

1350 2118 1395 2143 our

1408 2111 1461 2143 sins

1480 2110 1528 2142 and

1535 2108 1609 2153 griefs

1618 2110 1647 2143 to

1667 2106 1737 2142 bear!

1792 2107 1863 2142 What

1884 2119 1901 2142 a

1922 2108 1975 2151 priv

1984 2126 1997 2135 -

2005 2105 2082 2150 i-lege

2101 2113 2129 2142 to

2173 2117 2216 2142 car

2267 2117 2299 2150 ry

1698 2151 1744 2187 D.
1761 2152 1796 2187 S.
1818 2152 1857 2187 All
1886 2152 1995 2187 be-cause
2006 2162 2042 2186 we
2055 2154 2085 2185 do
2099 2156 2141 2186 not
2178 2162 2219 2187 car
2268 2162 2299 2195 ry

1136 2368 1246 2395 Fine.

2221 2363 2318 2391 D.S.

688 2558 723 2598 ry
736 2556 806 2599 thing
829 2560 856 2590 to
878 2554 928 2590 God
964 2555 990 2589 in
1011 2554 1108 2599 pray'r!

1174 2553 1203 2594 0,
1238 2553 1306 2588 what
1314 2563 1385 2597 peace
1396 2562 1432 2587 we
1469 2552 1505 2586 oft
1533 2563 1564 2586 en
1609 2550 1648 2586 for
1659 2568 1674 2577 -
1686 2549 1739 2590 feit,

1819 2549 1848 2590 0,
1860 2549 1927 2584 what
1940 2549 2045 2585 needless
2057 2550 2113 2595 pain
2127 2559 2165 2584 we
2195 2549 2259 2589 bear,

694 2604 727 2644 ry
740 2601 810 2645 thing
830 2605 859 2634 to
879 2598 930 2634 God
962 2600 987 2633 in
1008 2600 1105 2644 pray'r!

502 2829 625 2887 195

1291 2850 1388 2875 Anon.

498 2907 526 2947 2
551 2906 674 2948 Have
695 2920 754 2948 we
772 2906 886 2948 trials
904 2906 985 2948 and
1014 2902 1308 2958 temptations?

1505 2901 1531 2942 3
1560 2901 1645 2942 Are
1664 2914 1724 2942 we
1745 2900 1860 2942 weak
1879 2899 1960 2941 and
1979 2898 2110 2949 heavy
2129 2898 2264 2948 laden,

551 2960 593 3002 Is
609 2960 723 3002 there
741 2961 901 3003 trouble
939 2958 1174 3008 anywhere?

1556 2953 1789 2996 Cumbered
1809 2955 1906 2995 with
1926 2968 1951 2995 a
1970 2953 2061 2994 load
2081 2953 2129 2994 of
2141 2954 2259 2994 care?

499 3014 579 3056 We
594 3013 739 3056 should
756 3028 883 3057 never
905 3014 957 3055 be
977 3011 1253 3064 discouraged,

1503 3006 1694 3049 Precious
1711 3007 1868 3057 Savior,
1890 3007 1973 3048 still
1992 3020 2069 3048 our
2086 3007 2295 3059 refuge,-

549 3067 662 3110 Take
679 3070 715 3110 it
730 3077 774 3110 to
793 3069 863 3110 the
884 3066 997 3108 Lord
1015 3066 1059 3107 in
1079 3077 1236 3118 prayer.

1555 3061 1668 3103 Take
1685 3062 1720 3101 it
1737 3066 1780 3101 to
1799 3062 1869 3102 the
1885 3060 1997 3102 Lord
2021 3061 2064 3101 in
2084 3073 2240 3113 prayer.

499 3121 586 3163 Can
606 3135 664 3164 we
681 3123 767 3165 find
787 3137 815 3164 a
833 3120 988 3163 Friend
1005 3132 1051 3161 SO
1070 3115 1249 3165 faithful,

1501 3112 1568 3156 Do
1587 3115 1662 3167 thy
1680 3114 1836 3156 friends
1853 3114 2021 3167 despise,
2045 3114 2205 3155 forsake
2224 3112 2345 3154 thee?

552 3175 660 3218 Who
679 3177 762 3218 will
780 3175 837 3219 all
855 3187 931 3217 our
949 3185 1114 3215 sorrows
1131 3171 1275 3212 share?

1553 3167 1668 3209 Take
1685 3168 1720 3208 it
1737 3174 1779 3208 to
1797 3168 1868 3209 the
1884 3169 1998 3210 Lord
2014 3169 2058 3209 in
2086 3179 2256 3221 prayer;

498 3230 615 3274 Jesus
631 3232 771 3272 knows
789 3243 864 3271 our
890 3241 1013 3278 every
1036 3226 1251 3274 weakness,

1501 3221 1553 3261 In
1580 3221 1643 3262 his
1660 3234 1767 3262 arms
1780 3220 1873 3262 he'll
1894 3222 1992 3262 take
2003 3221 2083 3262 and
2098 3221 2227 3262 shield
2246 3220 2361 3269 thee;

550 3286 664 3327 Take
684 3286 719 3325 it
736 3290 778 3325 to
800 3284 871 3324 the
888 3281 999 3323 Lord
1018 3281 1062 3321 in
1082 3291 1239 3333 prayer.

1552 3274 1670 3315 Thou
1689 3274 1777 3315 wilt
1792 3273 1877 3315 find
1896 3288 1922 3315 a
1938 3274 2069 3315 solace
2089 3275 2215 3316 there.
