2785 2203
1193 214 1595 259 MISCELLANEOUS.

2177 330 2247 355 ARR.
2266 331 2307 355 BY
2318 331 2356 355 W.
2371 329 2400 355 In

398 326 573 371 SWEET
594 325 828 373 SABBATH
850 327 990 372 BELL.

1048 326 1134 371 (90.)

385 590 417 623 1.
430 589 523 623 How
532 588 678 632 sweetly
685 589 817 626 sounds
825 590 885 623 the
892 587 1045 626 Sabbath
1053 588 1127 623 bell
1129 589 1140 622 !
1149 589 1203 623 Its
1210 588 1306 631 peals
1313 588 1385 623 like
1394 587 1521 630 rolling
1529 587 1666 623 billows
1674 587 1791 626 swell;
1801 587 1837 622 It
1873 586 1957 622 calls
1965 596 2022 621 me
2046 589 2086 621 to
2122 587 2183 621 the
2192 587 2300 622 house
2309 587 2350 622 of
2357 587 2487 629 pray'r,

385 640 418 673 2.
431 639 529 674 With
533 640 596 681 joy
619 640 681 673 the
692 646 872 676 summons
884 640 943 675 I'll
980 648 1001 672 o
1012 655 1027 665 -
1036 635 1203 682 bey,And
1211 641 1249 673 to
1263 638 1371 674 God's
1379 638 1509 681 temple
1517 638 1616 672 haste
1641 644 1759 680 away;
1777 637 1837 672 I'll
1885 639 1926 671 to
1961 637 2024 671 the
2043 644 2151 672 mer-
2199 638 2276 672 seat
2284 636 2381 671 draw
2390 643 2487 677 near,

1081 936 1270 979 CHORUS.

424 1159 477 1193 To
489 1167 559 1201 pay
575 1167 637 1201 my
646 1167 745 1194 VOWS
753 1158 822 1193 and
835 1158 980 1201 homage
989 1157 1215 1195 there.Sweet
1223 1156 1376 1193 Sabbath
1383 1156 1452 1191 bell
1460 1157 1470 1189 !
1480 1156 1593 1191 sweet
1601 1152 1754 1191 Sabbath
1764 1154 1839 1189 bell
1839 1155 1850 1189 !
1857 1154 1914 1189 Its
1924 1154 2063 1197 ringing
2069 1156 2168 1189 tones
2177 1155 2200 1188 I
2207 1154 2284 1188 love
2293 1162 2333 1188 SO
2343 1152 2434 1188 well.

424 1209 554 1244 Before
566 1209 633 1243 His
643 1209 769 1244 throne
781 1211 822 1243 of
831 1215 934 1251 grace
946 1217 1086 1252 appear.

631 1486 827 1528 "Sabbath
857 1484 1078 1538 Worship."

355 1566 378 1602 3
405 1556 532 1595 There
550 1557 570 1593 I
586 1557 662 1595 will
677 1557 842 1605 worship
858 1557 934 1595 and
949 1557 1077 1602 adore,

1444 1565 1471 1603 4
1494 1557 1627 1596 Sweet
1641 1555 1816 1597 Sabbath
1829 1556 1917 1597 bell
1919 1557 1931 1594 !
1953 1561 2073 1595 sweet
2088 1553 2260 1596 Sabbath
2275 1554 2352 1594 bell

406 1613 572 1652 Confess
588 1626 652 1664 my
663 1615 772 1665 guilt,
787 1627 853 1664 my
866 1616 950 1654 sins
966 1614 1138 1664 deplore;

1497 1615 1556 1652 Its
1571 1614 1724 1665 ringing
1738 1619 1850 1653 tones
1868 1615 1888 1651 I
1903 1614 1991 1652 love
2006 1625 2052 1652 so
2068 1614 2154 1653 well
2161 1627 2174 1660 ;

404 1671 495 1709 And
510 1672 605 1711 seek
620 1673 672 1722 by
686 1672 783 1711 faith
802 1673 877 1711 His
895 1670 1096 1724 pard'ning
1110 1673 1210 1720 love,

1495 1673 1533 1709 It
1550 1672 1644 1710 calls
1661 1683 1724 1710 me
1739 1677 1781 1710 to
1797 1673 1864 1710 the
1879 1673 2002 1711 house
2017 1671 2061 1710 of
2082 1683 2228 1722 prayer,

406 1729 504 1768 Rich
520 1730 614 1780 gifts
630 1730 708 1769 and
724 1731 919 1781 blessings
934 1731 1033 1769 from
1049 1731 1183 1770 above.

1493 1732 1553 1769 To
1569 1741 1675 1779 pray,
1691 1730 1768 1770 and
1783 1730 1922 1781 praise,
1938 1729 2016 1768 and
2032 1729 2199 1779 worship
2210 1731 2329 1769 there.

312 1786 601 1828 CHO.-Sweet
611 1788 782 1829 Sabbath
793 1789 883 1827 bell!
901 1792 1022 1829 sweet
1037 1787 1215 1828 Sabbath
1230 1788 1321 1828 bell!

1394 1787 1681 1830 CHO.-Sweet
1693 1787 1866 1829 Sabbath
1881 1787 1978 1827 bell!
1995 1791 2116 1827 sweet
2131 1787 2302 1827 Sabbath
2318 1788 2413 1827 bel!!

461 1845 522 1884 Its
536 1845 690 1897 ringing
703 1852 820 1887 tones
834 1847 854 1884 I
871 1847 959 1886 love
974 1857 1020 1886 so
1036 1845 1133 1886 well.

1550 1847 1610 1884 Its
1626 1846 1781 1898 ringing
1795 1851 1908 1885 tones
1925 1847 1945 1884 I
1961 1846 2052 1885 love
2067 1855 2114 1884 so
2132 1845 2230 1885 well.
