3330 2601
1151 292 1240 357 No.
1261 292 1350 357 49.
1410 290 1600 356 WORK
1637 289 1771 355 AND
1809 291 1985 356 PRAY.

650 383 742 413 KATE
757 383 889 412 SUMNER
905 382 1000 412 BURR.

1330 379 1404 410 "Go
1416 379 1506 409 work
1518 379 1553 409 in
1564 386 1620 415 my
1633 378 1822 415 vineyard."
1825 394 1855 402 -
1856 379 1951 409 Matt.
1962 379 2013 409 21:
2029 379 2072 409 28.

2289 379 2383 410 CHAS.
2393 379 2478 410 EDW.
2490 379 2636 416 POLLOCK,
2648 380 2683 417 by
2692 386 2747 418 per.

772 674 799 704 1.
837 675 897 708 Up,
911 672 1037 703 friends
1049 672 1084 701 of
1099 672 1142 701 Je
1161 685 1172 691 -
1188 677 1254 705 sus,
1290 671 1347 700 the
1391 671 1526 700 harvest
1536 677 1610 700 now
1643 671 1672 700 is
1689 670 1797 704 white,
1801 670 1900 700 Work
1913 670 1977 699 will
1989 676 2069 699 soon
2078 670 2120 699 be
2161 676 2182 699 o
2203 686 2216 694 -
2232 677 2300 704 ver,
2320 670 2387 700 fast
2422 671 2498 701 falls
2513 672 2570 701 the
2580 672 2681 702 shade
2693 672 2730 701 of
2740 672 2841 707 night

770 709 795 736 2
839 708 900 743 Up,
1162 719 1176 727 -
2137 708 2224 738 pass-
2235 704 2293 738 ing
2337 705 2373 733 to
2406 710 2500 734 come

2526 711 2548 735 a

2557 721 2571 729 -

2586 706 2664 740 gain

2680 711 2724 734 no

2736 711 2827 736 more

770 743 798 771 3.
816 741 927 774 Shout,
942 739 1066 769 friends
1078 739 1113 768 of
1124 738 1178 768 Je-
1190 743 1247 767 sus
1291 738 1343 767 for
1362 737 1457 766 when
1470 743 1529 766 our
1542 737 1632 766 work
1651 736 1679 766 is
1696 737 1791 772 done,
1802 737 1867 772 Joy
1877 753 1889 761 -
1897 737 1948 766 ful
1976 743 2025 766 we
2052 737 2118 765 will
2135 737 2223 772 gath-
2236 742 2273 766 er
2339 739 2375 767 to
2412 740 2505 773 greet
2515 738 2572 768 the
2583 738 2723 767 har-vest
2737 738 2836 770 home

771 1298 891 1333 Strong

941 1301 973 1327 in

1020 1297 1071 1326 his
1086 1297 1237 1331 strength
1250 1297 1295 1327 let

1328 1304 1368 1327 us

1413 1297 1482 1328 find
1510 1297 1567 1327 the
1603 1297 1730 1334 gold-en
1743 1297 1886 1327 sheaves
1888 1306 1897 1324 :
1906 1295 2007 1326 Could
2021 1302 2070 1325 we
2079 1296 2166 1325 meet
2177 1295 2234 1324 the
2247 1294 2319 1325 Mas
2337 1310 2349 1316 -
2361 1295 2414 1324 ter
2425 1294 2503 1324 with
2515 1295 2641 1330 naught
2652 1294 2712 1324 but
2721 1294 2849 1325 leaves?

792 1331 893 1361 Wake
927 1331 1012 1360 from
1035 1336 1083 1359 re-
1093 1336 1182 1364 pose,
1217 1331 1297 1360 hear
1319 1330 1376 1360 the
1408 1330 1499 1360 Mas-
1511 1331 1563 1360 ter
1596 1331 1659 1361 call
1668 1347 1680 1354 -
1690 1331 1747 1366 ing
1777 1331 1854 1362 still,
1876 1329 1952 1359 Rise
1980 1331 2014 1358 to
2060 1334 2168 1359 earn-
2163 1330 2215 1358 est
2256 1329 2293 1356 ef
2316 1344 2330 1352 -
2363 1328 2431 1357 fort
2450 1328 2529 1358 with
2546 1328 2635 1362 right
2644 1329 2726 1363 good
2740 1328 2815 1356 will.

789 1364 880 1394 Then
930 1364 979 1393 let
1033 1369 1073 1393 us
1106 1364 1165 1392 has
1194 1375 1207 1382 -
1232 1364 1290 1392 ten
1323 1365 1380 1394 the
1414 1364 1489 1399 gold
1499 1381 1511 1388 -
1522 1370 1563 1393 en
1577 1364 1714 1394 sheaves
1722 1365 1756 1393 to
1773 1362 1864 1398 bind,
1875 1362 1955 1392 Rest
1966 1362 2031 1390 and
2064 1362 2123 1392 life
2172 1367 2211 1390 e
2248 1361 2301 1389 ter
2328 1373 2341 1381 -
2367 1361 2424 1389 nal
2468 1367 2518 1391 we
2558 1361 2604 1391 all
2634 1361 2718 1391 shall
2735 1360 2815 1391 find.

820 1679 989 1714 CHORUS.

1049 1859 1083 1892 O

776 1920 876 1952 Work

932 1920 999 1951 and

1044 1926 1133 1958 pray,

1448 1927 1515 1957 yes,
1528 1923 1618 1952 work
1641 1920 1708 1951 and
1720 1926 1813 1957 pray,

2156 1919 2218 1949 Let

2285 1918 2343 1948 the
2371 1917 2567 1949 watchword

2618 1923 2689 1951 pass

2766 1925 2788 1948 a

1105 1964 1207 1996 Work
1223 1966 1289 1996 and
1305 1970 1401 2002 pray,

1803 1963 1907 1995 Work
1918 1963 1984 1993 and
1995 1969 2087 2000 pray,
