2728 2245
822 173 967 230 Bless
999 174 1073 229 Us
1107 174 1227 230 Just
1258 174 1408 230 Now.
1475 173 1767 231 Concluded.

2375 176 2440 231 65

2193 272 2352 302 Repeat

2372 289 2422 321 pp

272 482 404 524 Come,

431 491 550 525 come,

603 490 653 516 an

671 499 685 507 -

705 490 802 516 swer

843 489 915 515 our

961 478 1059 526 plea,

1085 478 1201 516 Draw

1255 489 1312 521 us,

1398 479 1433 516 O

1512 480 1590 517 Sav
1606 499 1621 507 -
1643 480 1741 524 iour,
1790 479 1870 516 still
1902 491 1995 516 near
2018 499 2033 507 -
2054 490 2097 516 er

2175 482 2216 515 to

2276 480 2377 516 thee.

923 795 952 851 I
984 796 1084 852 Put
1118 796 1209 865 My
1243 796 1400 852 Trust
1432 796 1488 850 in
1521 795 1665 852 Thee.

1831 861 1945 891 Words
1955 861 2022 890 and
2034 861 2141 890 Music
2152 860 2195 896 by
2206 860 2235 889 J.
2250 859 2293 890 H.
2305 860 2339 889 F.

268 1082 301 1117 1.
327 1081 393 1124 My
407 1080 567 1115 Saviour
583 1079 655 1114 and
667 1090 730 1123 my
742 1078 886 1121 Friend,
903 1078 925 1113 I
945 1081 1040 1113 trust
1054 1079 1095 1112 in
1110 1078 1193 1113 thee
1210 1089 1255 1112 a-
1242 1098 1256 1105 -
1270 1078 1373 1121 lone;
1395 1078 1418 1113 I
1439 1078 1547 1113 know
1559 1079 1618 1113 thou
1626 1079 1709 1113 cam'st
1721 1077 1814 1112 from
1827 1077 1919 1119 God,
1933 1077 2015 1112 And
2029 1082 2085 1111 art
2095 1076 2155 1112 his
2166 1077 2268 1121 on-ly

2296 1076 2380 1112 Son.

265 1137 301 1173 2.
327 1137 386 1171 No
401 1136 555 1180 dangers
568 1135 643 1170 e'er
652 1134 748 1169 shall
761 1135 867 1169 harm
883 1133 960 1169 The
971 1133 1139 1169 children
1152 1133 1192 1169 of
1207 1133 1270 1178 thy
1284 1144 1374 1178 care,
1391 1134 1569 1169 However
1579 1137 1680 1177 great
1690 1133 1785 1168 their
1793 1133 1880 1176 fear,
1895 1132 1976 1177 Thy
1990 1133 2100 1177 pow'r
2116 1132 2149 1167 is
2161 1131 2296 1175 always

2306 1132 2418 1167 there.

266 1193 301 1227 3.

328 1193 358 1226 A

373 1190 491 1226 shield
503 1191 596 1225 from
608 1191 722 1234 ev-'ry
768 1190 835 1232 foe,
863 1189 946 1233 Thy
959 1189 1058 1224 hand
1068 1189 1145 1224 will
1155 1199 1240 1224 ever
1292 1190 1346 1233 be,
1384 1189 1437 1225 To
1447 1189 1566 1235 guard
1579 1189 1641 1224 the
1653 1189 1772 1224 humblest
1784 1188 1878 1231 soul,
1891 1188 1987 1223 That
1997 1192 2083 1233 puts
2094 1188 2142 1223 its
2153 1190 2250 1222 trust
2259 1186 2299 1221 in
2310 1186 2403 1222 thee.

266 1249 302 1283 4.
327 1247 412 1291 Thy
424 1246 520 1282 word
530 1246 629 1281 shall
637 1255 746 1281 never
768 1245 848 1288 fail,
864 1245 956 1280 Tho'
969 1246 1037 1280 earth
1046 1256 1131 1289 may
1143 1256 1226 1290 pass
1237 1256 1369 1290 a-way;
1388 1244 1498 1281 Thro'
1511 1245 1624 1290 ev-'ry
1634 1245 1726 1289 change
1736 1244 1802 1288 thy
1812 1244 1895 1279 love
1907 1243 1997 1278 Will
2008 1242 2090 1278 lead
2103 1249 2141 1278 to
2150 1243 2287 1287 perfect

2303 1242 2387 1288 day.

313 1527 526 1553 CHORUS.

309 1734 335 1770 I

364 1738 459 1769 trust

474 1744 537 1778 my
553 1733 606 1768 all
629 1739 667 1769 to
691 1733 786 1777 thee,
797 1732 907 1768 From
921 1733 1003 1767 thee
1015 1733 1047 1767 it
1060 1732 1196 1777 sure-ly
1221 1742 1340 1773 came;
1365 1733 1397 1767 O
1420 1732 1507 1776 help
1524 1743 1583 1767 me
1610 1733 1723 1776 ev-'ry
1761 1732 1845 1777 day,
1876 1731 1929 1768 To
2195 1729 2262 1774 thy
2276 1740 2397 1764 name.

258 1961 403 1990 Copyright,
420 1961 482 1983 1888,
497 1960 529 1987 by
544 1960 673 1982 FILLMORE
685 1959 761 1982 BROS.

1219 1981 1364 2011 S.R.-5.
