2563 3558
937 341 1250 373 PENITENTIAL
1274 340 1536 373 EXERCISES.

2150 331 2232 374 135

362 443 623 472 circumstances
645 446 736 472 must
758 444 844 472 have
865 444 949 472 been
971 442 1147 480 powerful.
1188 442 1278 471 John

1315 438 1448 495 325

1715 447 1760 488 L.
1780 448 1833 485 M.

363 486 522 523 Wesley's
544 494 674 518 sermon
696 496 739 517 on
762 489 819 517 the
843 488 975 517 'Means
997 487 1034 516 of
1059 486 1279 516 Grace'-ex-

363 531 519 561 haustive
538 531 606 561 and
625 531 897 570 practical-was
911 530 1075 568 preached
1093 529 1195 559 about
1211 529 1281 559 this

1312 503 1371 593 L

1368 505 1482 550 ORD,
1496 515 1554 541 we
1567 515 1632 540 are
1646 503 1733 548 vile,
1742 503 1946 541 conceived
1960 504 2003 540 in
2017 505 2089 549 sin,

364 575 480 605 time."

1390 560 1480 596 And
1495 559 1590 595 born
1605 557 1753 604 unholy
1767 558 1845 594 and
1859 559 2032 598 unclean

1358 617 1506 662 Sprung
1520 616 1617 651 from
1632 614 1700 650 the
1713 624 1805 649 man
1821 614 1950 650 whose
1964 615 2086 661 guilty
2101 614 2168 651 fall

1359 671 1537 717 Corrupts
1550 671 1614 706 his
1627 680 1720 713 race,
1735 670 1813 706 and
1826 670 1943 706 taints
1957 680 2002 706 us
2015 670 2079 706 all.

365 757 501 815 324

763 768 806 804 L.
828 768 881 804 M.

1314 760 1338 793 2
1358 758 1457 794 Soon
1473 769 1514 794 as
1529 767 1587 793 we
1601 757 1705 792 draw
1719 765 1790 792 our
1802 756 1929 792 infant
1942 756 2088 800 breath,

365 824 426 915 A

439 823 650 859 BROKEN
665 824 784 867 heart,
797 834 864 868 my
875 822 970 866 God,
983 833 1051 866 my
1066 822 1180 866 King,

1359 813 1440 848 The
1453 812 1561 848 seeds
1574 812 1620 847 of
1633 812 1695 847 sin
1709 822 1811 857 grow
1825 822 1879 856 up
1894 812 1953 847 for
1966 811 2083 850 death

447 879 501 915 To
516 879 604 915 thee
618 890 643 914 a
654 878 820 914 sacrifice
832 878 857 913 I
869 877 998 923 bring;

1359 868 1444 914 Thy
1458 867 1532 903 law
1547 866 1731 903 demands
1744 877 1770 902 a
1783 867 1925 912 perfect
1939 867 2059 911 heart,

406 935 489 971 The
504 934 588 970 God
602 935 647 969 of
661 944 768 980 grace
782 933 861 969 will
876 934 977 968 ne'er
991 931 1138 977 despise

1359 923 1436 959 But
1446 924 1554 958 we're
1569 921 1708 958 defiled
1722 922 1765 957 in
1780 932 1894 967 every
1904 925 1998 968 part.

408 991 441 1026 A
457 990 602 1026 broken
617 989 728 1024 heart
741 990 798 1023 for
811 988 985 1023 sacrifice.

1314 1001 1337 1035 3
1360 998 1529 1036 Behold!
1568 999 1634 1034 fall
1648 999 1776 1035 before
1789 1000 1860 1045 thy
1876 999 1971 1040 face;

361 1080 386 1115 2
406 1078 475 1125 My
487 1078 570 1115 soul
583 1078 654 1114 lies
666 1076 852 1113 humbled
865 1077 909 1115 in
924 1077 991 1111 the
1006 1076 1102 1120 dust,

1359 1055 1428 1100 My
1443 1054 1535 1100 only
1548 1055 1676 1100 refuge
1689 1054 1723 1090 is
1737 1054 1808 1100 thy
1822 1064 1944 1100 grace:

1359 1110 1418 1145 No
1433 1110 1603 1145 outward
1618 1110 1735 1144 forms
1749 1120 1820 1144 can
1833 1110 1949 1145 make
1961 1120 2026 1145 me
2041 1110 2168 1150 clean;

408 1134 497 1170 And
512 1144 619 1170 owns
633 1132 705 1179 thy
718 1131 892 1168 dreadful
905 1133 1082 1167 sentence
1092 1131 1187 1175 just:

407 1188 514 1224 Look
528 1188 653 1234 down,
666 1187 699 1223 O
714 1186 825 1231 Lord,
840 1186 935 1223 with
948 1186 1098 1232 pitying
1112 1196 1192 1231 eye,

1359 1166 1441 1201 The
1453 1164 1603 1210 leprosy
1618 1164 1688 1200 lies
1702 1164 1798 1210 deep
1809 1164 1957 1200 within.

406 1244 496 1279 And
507 1253 596 1279 save
609 1244 676 1278 the
688 1242 772 1278 soul
786 1240 1023 1277 condemned
1036 1242 1076 1276 to
1090 1240 1164 1276 die.

1313 1243 1340 1277 4
1360 1242 1419 1278 No
1435 1240 1612 1287 bleeding
1625 1240 1722 1285 bird,
1736 1251 1808 1277 nor
1820 1239 1998 1287 bleeding
2011 1241 2127 1284 beast,

1360 1296 1440 1332 Nor
1451 1297 1594 1342 hyssop
1610 1295 1764 1340 branch,
1778 1306 1849 1331 nor
1861 1295 2077 1342 sprinkling
2092 1297 2217 1342 priest,

361 1334 385 1369 3
407 1333 516 1368 Then
530 1331 610 1367 will
623 1331 647 1367 I
659 1330 767 1366 teach
783 1330 850 1365 the
864 1328 983 1365 world
998 1329 1068 1377 thy
1083 1339 1206 1375 ways;

1361 1353 1441 1388 Nor
1453 1350 1621 1396 running
1634 1350 1765 1394 brook,
1779 1360 1851 1386 nor
1866 1350 1978 1394 flood,
1992 1361 2064 1386 nor
2076 1360 2150 1394 sea,

406 1386 563 1423 Sinners
574 1385 675 1422 shall
689 1385 793 1421 learn
807 1385 880 1429 thy
893 1384 1088 1430 sovereign
1100 1394 1228 1429 grace;

1361 1407 1441 1444 Can
1456 1407 1559 1442 wash
1575 1406 1642 1441 the
1656 1405 1794 1441 dismal
1806 1406 1907 1441 stain
1921 1415 2039 1451 away.

408 1441 469 1477 I'll
482 1441 569 1477 lead
583 1441 690 1477 them
704 1442 745 1476 to
758 1451 826 1484 my
839 1439 1025 1476 Saviour's
1038 1438 1162 1483 blood,

409 1496 498 1532 And
514 1496 606 1542 they
619 1494 718 1531 shall
732 1495 855 1542 praise
867 1506 894 1531 a
905 1494 1105 1542 pard'ning
1119 1493 1212 1530 God.

1316 1497 1339 1532 5
1361 1496 1482 1539 Jesus,
1497 1505 1568 1540 my
1581 1493 1676 1538 God,
1691 1494 1763 1539 thy
1776 1493 1892 1530 blood
1905 1494 2017 1531 alone

1363 1550 1470 1586 Hath
1485 1560 1615 1596 power
1627 1549 1817 1585 sufficient
1830 1551 1870 1585 to
1884 1551 2017 1593 atone;

362 1589 388 1622 4
411 1586 442 1621 O
456 1595 547 1631 may
561 1584 633 1631 thy
646 1583 735 1619 love
747 1582 890 1628 inspire
904 1594 970 1628 my
983 1584 1124 1628 tongue

1363 1606 1449 1651 Thy
1463 1604 1579 1641 blood
1593 1614 1664 1639 can
1677 1604 1793 1639 make
1806 1614 1870 1639 me
1880 1604 1997 1640 white
2010 1615 2052 1640 as
2066 1614 2185 1641 snow

409 1639 601 1676 Salvation
614 1638 715 1674 shall
728 1638 777 1673 be
790 1637 842 1673 all
854 1647 922 1683 my
936 1646 1049 1684 song;

1363 1661 1424 1697 No
1437 1660 1583 1696 Jewish
1597 1662 1707 1705 types
1721 1659 1833 1695 could
1847 1659 1996 1695 cleanse
2010 1670 2073 1695 me
2086 1669 2141 1696 SO.

411 1695 499 1731 And
513 1694 566 1730 all
580 1704 648 1739 my
662 1699 807 1739 powers
820 1691 919 1728 shall
932 1693 1015 1738 join
1029 1695 1070 1728 to
1084 1693 1182 1729 bless

409 1749 492 1785 The
505 1748 616 1792 Lord,
630 1759 699 1794 my
711 1747 883 1793 strength
897 1747 974 1783 and
988 1748 1275 1794 righteousness.

1319 1740 1343 1774 6
1365 1737 1494 1773 While
1507 1736 1604 1783 guilt
1618 1735 1783 1773 disturbs
1796 1736 1874 1772 and
1888 1736 2027 1773 breaks
2039 1748 2107 1782 my
2118 1744 2243 1783 peace,

987 1800 1090 1830 Isaac
1105 1800 1217 1831 Watts.

1364 1793 1444 1829 Nor
1457 1792 1554 1828 flesh
1569 1802 1640 1826 nor
1652 1791 1736 1826 soul
1752 1791 1847 1826 hath
1862 1794 1940 1827 rest
1954 1802 1997 1827 or
2011 1802 2107 1837 ease,

400 1866 482 1895 This
497 1866 529 1895 is
545 1873 567 1895 a
584 1865 716 1902 portion
733 1865 770 1893 of
789 1866 868 1901 part
884 1864 978 1893 three
996 1864 1032 1892 of
1057 1863 1114 1892 the
1136 1864 1285 1893 author's

1364 1848 1475 1890 Lord,
1487 1847 1544 1882 let
1557 1856 1619 1881 me
1630 1846 1724 1881 hear
1736 1846 1807 1892 thy
1824 1846 2019 1892 pard'ning
2037 1847 2153 1892 voice,

367 1910 521 1940 metrical
544 1910 674 1939 version
697 1909 734 1938 of
760 1909 817 1938 the
844 1908 919 1943 fifty
927 1923 942 1931 -
952 1907 1033 1938 first
1047 1907 1169 1942 Psalm,
1186 1907 1286 1943 being

1365 1902 1455 1938 And
1468 1902 1582 1937 make
1596 1911 1665 1946 my
1679 1900 1825 1936 broken
1840 1901 1950 1936 heart
1963 1902 2109 1946 rejoice.

368 1954 470 1984 based
481 1958 574 1983 more
583 1952 813 1989 immediately
825 1960 869 1982 on
881 1952 938 1981 the
949 1951 1165 1981 seventeenth
1176 1957 1285 1981 verse:

1970 1962 2075 1991 Isaac
2091 1962 2207 1993 Watts.

398 1998 470 2027 The
496 1997 664 2027 sacrifices
693 1997 731 2026 of
757 1995 828 2025 God
857 2003 916 2025 are
939 2003 960 2025 a
982 1996 1106 2025 broken
1127 1995 1242 2031 spirit;
1266 2003 1286 2024 a

1354 2017 1538 2055 "Original
1549 2017 1623 2046 and
1631 2016 1760 2046 Actual
1772 2016 1836 2046 Sin
1850 2016 2056 2054 Confessed"
2069 2018 2100 2047 is
2113 2018 2168 2046 the
2181 2024 2239 2047 au

369 2043 495 2072 broken
508 2042 576 2072 and
588 2050 609 2071 a
626 2042 769 2071 contrite
785 2041 893 2076 heart,
904 2041 931 2070 O
949 2040 1031 2075 God,
1045 2041 1125 2070 thou
1137 2041 1214 2070 wilt
1228 2043 1288 2069 not

1322 2063 1427 2092 thor's
1438 2061 1514 2092 title
1525 2061 1562 2090 of
1577 2061 1646 2090 this
1657 2061 1759 2097 hymn
1771 2061 1807 2089 in
1819 2061 1873 2090 his
1887 2060 2047 2091 metrical
2060 2062 2192 2091 version
2211 2061 2247 2089 of

369 2087 535 2124 despise."
567 2087 639 2116 The
655 2086 806 2115 author's
821 2085 897 2115 title
914 2086 956 2119 is,
974 2085 1070 2114 "The
1091 2085 1288 2114 Backslider

1323 2107 1381 2136 the
1396 2106 1530 2135 Psalms
1547 2106 1586 2141 of
1598 2105 1724 2140 David,
1737 2106 1814 2134 1719.
1850 2105 1884 2133 It
1901 2105 1931 2134 is
1947 2105 2049 2135 based
2069 2113 2111 2135 on
2131 2106 2186 2135 Ps.
2206 2105 2244 2134 li.

371 2132 546 2167 Restored;
562 2139 613 2166 or,
625 2132 840 2168 Repentance
850 2130 924 2159 and
940 2130 1041 2159 Faith
1057 2130 1095 2158 in
1113 2129 1166 2158 the
1183 2129 1289 2159 Blood

1324 2154 1387 2180 5-8:
1448 2148 1590 2184 Behold,
1608 2149 1625 2178 I
1643 2156 1713 2178 was
1735 2149 1862 2185 shapen
1880 2149 1917 2179 in
1934 2150 2099 2187 iniqnity;
2118 2150 2186 2180 and
2210 2149 2244 2179 in

370 2176 411 2212 of
434 2175 581 2206 Christ."
625 2175 697 2205 The
718 2175 793 2204 first
818 2175 896 2203 four
924 2181 1036 2203 verses
1063 2179 1122 2202 are
1149 2172 1290 2202 omitted

1324 2197 1375 2225 sin
1388 2195 1448 2225 did
1460 2202 1517 2231 my
1528 2194 1658 2224 mother
1668 2194 1825 2223 conceive
1836 2201 1901 2223 me.
1936 2194 2074 2229 Behold,
2087 2195 2168 2224 thou
2185 2195 2243 2224 de-

371 2220 490 2250 above:

1325 2241 1424 2270 sirest
1435 2240 1531 2269 truth
1541 2240 1576 2268 in
1588 2239 1645 2268 the
1657 2237 1790 2268 inward
1801 2242 1910 2276 parts:
1929 2239 1997 2269 and
2009 2239 2044 2268 in
2058 2239 2114 2268 the
2124 2239 2244 2268 hidden

471 2289 488 2315 1
506 2288 532 2316 O
544 2287 649 2320 Thou,
661 2287 737 2315 who
746 2286 875 2315 hear'st
884 2285 983 2315 when
994 2285 1125 2314 sinners
1136 2292 1206 2321 cry,

1326 2286 1404 2321 part
1415 2285 1496 2315 thou
1509 2283 1600 2313 shalt
1610 2283 1709 2312 make
1718 2290 1772 2313 me
1788 2285 1823 2312 to
1835 2283 1935 2313 know
1949 2284 2100 2314 wisdom.
2137 2283 2247 2319 Purge

505 2331 644 2368 Though
655 2331 702 2360 all
712 2338 770 2366 my
781 2330 903 2359 crimes
913 2329 1025 2359 before
1037 2329 1112 2358 thee
1123 2328 1180 2363 lie,

1326 2337 1379 2358 me
1390 2329 1473 2358 with
1493 2329 1627 2365 hyssop,
1646 2328 1714 2357 and
1734 2328 1752 2356 I
1769 2328 1856 2357 shall
1878 2328 1919 2357 be
1941 2328 2052 2358 clean:
2071 2329 2165 2357 wash
2182 2334 2247 2362 me,

503 2374 631 2405 Behold
642 2375 732 2404 them
743 2376 804 2403 not
814 2374 899 2403 with
910 2381 1017 2410 angry
1028 2374 1117 2409 look,

1328 2372 1396 2404 and
1406 2373 1423 2401 I
1434 2372 1520 2402 shall
1531 2373 1573 2402 be
1585 2372 1707 2402 whiter
1718 2372 1801 2402 than
1813 2378 1917 2402 snow.
1952 2372 2053 2401 Make
2064 2379 2116 2401 me
2126 2374 2160 2401 to
2169 2372 2250 2401 hear

505 2420 574 2449 But
584 2419 655 2449 blot
666 2419 756 2449 their
766 2419 906 2455 mem'ry
917 2419 1004 2454 from
1015 2418 1074 2454 thy
1086 2418 1182 2448 book.

1325 2418 1381 2454 joy
1393 2418 1460 2447 and
1477 2416 1649 2454 gladness;
1667 2416 1742 2446 that
1759 2416 1817 2445 the
1833 2416 1934 2445 bones
1946 2415 2057 2445 which
2074 2416 2156 2449 thou
2174 2416 2250 2444 hast

1329 2462 1452 2491 broken
1464 2469 1542 2498 may
1551 2460 1705 2498 rejoice."

471 2500 491 2528 2
508 2499 627 2528 Create
638 2505 695 2535 my
706 2501 829 2528 nature
839 2505 925 2536 pure
936 2498 1067 2533 within,

1361 2507 1404 2536 In
1415 2507 1471 2535 the
1482 2506 1556 2536 first
1563 2505 1633 2534 line
1644 2505 1701 2534 the
1713 2505 1835 2535 author
1844 2508 1949 2535 wrote
1977 2505 2008 2535 I
2020 2513 2073 2535 am
2083 2506 2106 2522 "
2119 2505 2250 2535 instead

510 2543 585 2573 And
594 2544 680 2572 form
691 2550 748 2579 my
759 2543 833 2572 soul
844 2549 962 2572 averse
974 2543 1060 2571 from
1072 2543 1141 2572 sin:

1329 2551 1365 2581 of
1407 2557 1462 2579 we
1474 2550 1564 2585 are,"
1578 2549 1645 2578 and
1658 2549 1693 2578 in
1706 2550 1763 2578 the
1779 2549 1847 2578 last
1862 2549 1932 2578 line
1944 2550 2106 2578 "bones"
2118 2550 2250 2579 instead

506 2588 569 2617 Let
581 2588 639 2623 thy
650 2587 735 2624 good
744 2586 851 2623 Spirit
861 2588 954 2616 ne'er
964 2587 1095 2623 depart,

1330 2596 1366 2625 of
1387 2595 1545 2626 "heart."
1579 2594 1650 2623 The
1671 2592 1763 2623 third
1786 2597 1903 2623 stanza
1922 2595 1959 2624 of
1986 2595 2044 2624 the
2060 2593 2206 2632 original
2223 2594 2253 2624 is

507 2632 577 2660 Nor
585 2631 665 2661 hide
672 2632 733 2668 thy
743 2637 901 2668 presence
911 2632 998 2660 from
1010 2638 1066 2666 my
1077 2631 1186 2659 heart.

1331 2639 1469 2669 omitted
1482 2640 1600 2669 above:

471 2712 490 2739 3
507 2711 526 2739 I
535 2712 656 2739 cannot
665 2709 734 2738 live
745 2708 889 2739 without
897 2709 957 2744 thy
967 2708 1068 2745 light,

1462 2696 1482 2724 3
1496 2695 1600 2724 Great
1613 2694 1694 2728 God,
1706 2696 1820 2724 create
1828 2702 1884 2729 my
1894 2695 1994 2724 heart
2005 2701 2113 2730 anew,

508 2754 589 2783 Cast
599 2755 659 2783 out
669 2753 737 2783 and
747 2752 909 2783 banished
920 2753 1005 2782 from
1017 2753 1077 2789 thy
1089 2751 1194 2788 sight!

1498 2738 1574 2768 And
1586 2739 1672 2767 form
1682 2745 1739 2774 my
1748 2738 1849 2774 spirit
1859 2744 1944 2774 pure
1957 2738 2024 2767 and
2037 2741 2128 2775 true;

507 2798 581 2833 Thy
593 2797 670 2833 holy
678 2798 766 2834 joys,
777 2804 834 2833 my
847 2796 929 2831 God,
940 2798 1079 2831 restore,

1499 2783 1576 2812 And
1587 2783 1686 2812 make
1697 2789 1751 2811 me
1763 2782 1844 2812 wise
1855 2782 1997 2812 betimes
2007 2785 2043 2812 to
2053 2790 2115 2819 spy

509 2842 586 2872 And
597 2841 707 2879 guard
717 2849 772 2871 me
783 2841 859 2871 that
869 2841 888 2870 I
898 2841 961 2870 fall
971 2849 1015 2870 no
1026 2847 1129 2871 more.

1497 2827 1555 2863 My
1567 2826 1695 2863 danger
1707 2826 1774 2856 and
1784 2834 1841 2863 my
1852 2827 1992 2864 remedy

1365 2885 1445 2913 This
1457 2883 1487 2912 is
1497 2883 1575 2918 part
1587 2884 1656 2912 two
1667 2882 1704 2912 of
1718 2883 1776 2912 the
1794 2883 1944 2913 author's
1957 2882 2113 2913 metrical
2125 2883 2256 2913 version

471 2922 493 2949 4
507 2921 647 2957 Though
658 2920 678 2949 I
687 2920 775 2950 have
785 2919 923 2958 grieved
934 2920 995 2957 thy
1006 2920 1123 2957 Spirit,
1133 2919 1233 2955 Lord,

1332 2928 1368 2958 of
1383 2928 1441 2957 the
1456 2927 1626 2963 fifty-first
1644 2927 1770 2958 Psalm:
1791 2928 1918 2959 "Show
1937 2929 2025 2965 pity,
2044 2927 2160 2958 Lord"
2189 2928 2258 2959 No.

509 2965 583 3001 Thy
593 2964 672 3001 help
683 2964 751 2994 and
762 2964 904 2995 comfort
911 2964 981 2993 still
991 2963 1112 2998 afford;

1332 2974 1394 3006 312)
1407 2972 1507 3008 being
1519 2974 1599 3008 part
1610 2979 1683 3007 one,
1698 2973 1764 3002 and
1777 2973 1833 3003 "A
1844 2973 1970 3003 broken
1983 2975 2093 3009 heart,
2106 2981 2164 3011 my
2177 2973 2261 3007 God,

510 3009 589 3039 And
599 3009 649 3038 let
659 3017 681 3038 a
689 3009 817 3039 wretch
830 3015 921 3038 come
932 3014 1018 3037 near
1027 3008 1089 3044 thy
1101 3008 1230 3043 throne,

1333 3024 1389 3052 my
1400 3015 1520 3052 King"
1535 3017 1611 3051 (No.
1622 3017 1686 3051 324)
1699 3016 1800 3053 being
1813 3025 1834 3047 a
1852 3018 1984 3055 portion
2003 3018 2040 3048 of
2055 3021 2136 3054 part
2155 3018 2259 3047 three.

509 3054 557 3082 To
565 3052 666 3091 plead
678 3053 735 3082 the
746 3053 863 3083 merits
871 3053 908 3081 of
921 3052 984 3089 thy
995 3053 1072 3082 Son.

1367 3062 1418 3091 On
1426 3068 1539 3091 verses
1550 3062 1644 3091 three
1657 3061 1724 3091 and
1736 3062 1813 3091 four
1824 3062 1881 3091 the
1893 3062 2015 3092 author
2024 3063 2085 3092 has
2096 3063 2165 3092 this
2174 3064 2257 3091 foot-

411 3109 485 3143 (See
495 3109 574 3139 Nos.
585 3109 650 3145 310,
663 3108 731 3139 and
741 3109 818 3143 325.)

1333 3108 1425 3136 note:
1462 3106 1583 3135 "Since
1606 3106 1663 3135 the
1685 3106 1841 3144 psalmist
1863 3111 1969 3136 seems
1991 3109 2026 3136 to
2042 3108 2134 3136 refer
2149 3110 2184 3136 to
2202 3107 2260 3136 the
