2302 3404
785 208 895 236 THE
926 206 1289 239 CHRISTIAN'S
1320 206 1521 237 DEATH.

2006 209 2086 252 363

231 286 345 345 969

363 327 441 352 C.M.

590 319 649 356 Fob
659 328 692 355 3:
712 328 806 356 17-20.

998 325 1030 347 R.
1041 323 1143 348 BLAIR.

1180 331 1204 368 3
1231 317 1344 370 Bury
1362 317 1434 360 the
1451 316 1567 369 dead,
1586 316 1667 360 and
1683 328 1794 370 weep

230 366 338 407 How
355 365 441 407 still
458 364 538 407 and
555 363 738 419 peaceful
755 364 791 405 is
808 363 880 405 the
895 366 1034 417 grave

1232 372 1285 412 In
1301 372 1479 412 stillness
1498 373 1579 413 o'er
1595 372 1666 413 the
1681 371 1766 413 loss
1782 372 1794 413 !

285 418 448 472 Where,
464 418 569 459 life's
585 419 681 459 vain
697 418 871 461 tumults
888 420 995 471 past,

1177 424 1290 476 Bury
1307 425 1379 465 the
1396 423 1517 465 dead!
1544 425 1589 465 in
1608 424 1747 466 Christ
1762 426 1860 477 they
1879 426 1989 479 sleep

230 471 323 513 The
340 470 557 525 appointed
568 470 708 523 house,
720 470 775 522 by
789 470 976 513 heaven's
991 469 1142 522 decree,

1231 476 1341 518 Who
1357 476 1454 519 bore
1470 490 1523 519 on
1541 478 1657 519 earth
1674 478 1738 519 his
1756 489 1871 524 cross

285 525 480 567 Receives
496 535 547 566 us
565 524 622 565 all
639 527 686 564 at
698 524 792 565 last.

1179 530 1273 572 And
1289 530 1391 572 from
1407 531 1479 573 the
1496 543 1622 584 grave
1638 532 1745 573 their
1762 531 1859 573 dust
1874 531 1980 573 shall
1996 533 2088 584 rise,

233 611 258 640 2
285 598 377 640 The
386 596 540 640 wicked
551 598 665 639 there
675 597 777 639 from
789 597 995 650 troubling
1006 607 1143 650 cease;

1176 585 1230 625 In
1247 585 1311 625 his
1330 595 1419 626 own
1434 585 1568 637 image
1585 588 1629 626 to
1646 586 1718 626 the
1735 585 1854 627 skies.

284 652 412 694 Their
425 653 609 706 passions
625 663 725 704 rage
740 664 795 692 no
811 663 945 700 more;

233 704 327 747 And
342 706 456 747 there
470 706 543 747 the
556 716 690 756 weary
708 704 870 756 pilgrim
885 706 992 746 rests

1178 685 1289 743 972
1308 728 1366 750 IOS.

1485 720 1588 752 Death
1598 725 1636 751 at
1645 722 1759 752 Prime.

1825 727 1851 758 J.
1860 727 2090 752 MONTGOMERY.

281 759 407 800 From
424 759 482 800 all
497 759 570 800 the
585 759 681 800 toils
699 759 751 799 he
768 758 872 800 bore.

1178 763 1242 806 Go
1252 764 1296 806 to
1308 763 1379 804 the
1392 775 1519 816 grave
1530 767 1573 805 in
1591 765 1648 806 all
1660 764 1733 815 thy
1749 765 1925 816 glorious
1937 765 2063 817 prime
2076 766 2090 805 !

230 848 255 886 3
281 832 420 875 There
450 833 649 884 servants,
680 833 864 884 masters,
900 832 1020 873 small
1062 832 1143 874 and

1175 817 1230 857 In
1246 816 1323 857 full
1340 817 1510 869 activity
1529 816 1577 858 of
1588 818 1678 858 zeal
1695 819 1776 859 and
1791 830 1931 872 power

282 886 461 928 Partake
477 886 548 928 the
564 897 676 927 same
692 897 840 938 repose

996 885 1141 941 [great,

1175 871 1218 911 A
1235 869 1438 912 Christian
1457 873 1606 911 cannot
1623 870 1688 911 die
1707 870 1842 912 before
1858 871 1923 912 his
1939 872 2060 917 time;

230 939 325 982 And
340 940 468 992 there,
484 941 528 981 in
545 951 682 994 peace,
699 939 771 981 the
789 940 906 981 ashes
922 940 1007 980 mix

1174 923 1266 965 The
1284 922 1425 965 Lord's
1451 924 1729 977 appointment
1752 925 1789 965 is
1806 924 1877 965 the
1894 924 2091 966 servant's

283 992 343 1035 Of
354 994 470 1035 those
487 994 578 1035 who
597 1005 697 1035 once
713 1005 820 1034 were
835 992 933 1034 foes.

1333 977 1446 1019 hour.

227 1077 256 1114 4
281 1064 366 1117 All,
382 1061 543 1107 leveled
558 1063 613 1116 by
631 1063 702 1106 the
717 1062 828 1105 hand
844 1064 891 1105 of
912 1062 1046 1115 death,

1175 1055 1198 1082 2
1229 1041 1292 1083 Go
1309 1044 1354 1082 to
1371 1041 1442 1083 the
1468 1052 1622 1096 grave;
1649 1044 1695 1082 at
1716 1052 1821 1082 noon
1846 1041 1951 1083 from
1973 1040 2091 1083 labor

1335 1106 1453 1139 cease

280 1119 355 1159 Lie
371 1120 552 1171 sleeping
568 1119 612 1159 in
628 1118 700 1159 the
715 1117 839 1169 tomb,

1945 1093 2086 1150 [done;

227 1171 314 1213 Till
332 1171 425 1213 God
439 1173 483 1212 in
495 1170 709 1223 judgment
726 1172 828 1212 calls
843 1171 955 1212 them
971 1170 1080 1212 forth

1175 1147 1278 1189 Rest
1295 1160 1348 1189 on
1367 1148 1440 1199 thy
1461 1149 1643 1200 sheaves,
1673 1147 1745 1201 thy
1765 1148 2039 1190 harvest-task
2053 1150 2089 1189 is

280 1225 346 1266 To
363 1226 473 1266 meet
488 1224 595 1265 their
611 1224 708 1264 final
726 1223 855 1265 doom.

1176 1202 1302 1244 Come
1335 1200 1440 1243 from
1475 1201 1547 1242 the
1574 1201 1672 1242 heat
1704 1202 1750 1243 of
1771 1200 1913 1253 battle,
1942 1200 2024 1243 and
2045 1202 2087 1243 in

1333 1267 1471 1309 peace,

1964 1255 2086 1312 [won.

228 1326 343 1384 970

1175 1307 1334 1350 Soldier
1382 1320 1437 1361 go
1453 1307 1596 1357 home;
1616 1309 1714 1350 with
1732 1308 1828 1350 thee
1843 1309 1915 1350 the
1932 1309 2039 1361 fight
2051 1309 2090 1350 is

358 1369 389 1391 C.

399 1368 435 1390 M.

567 1361 609 1390 To
618 1359 671 1390 die
681 1360 709 1390 is
716 1361 803 1398 gain.

872 1368 910 1390 W.
922 1368 955 1390 H.
967 1368 1138 1391 BATHURST.

228 1405 342 1446 Why
357 1403 504 1446 should
521 1416 596 1446 our
611 1405 720 1444 tears
735 1405 779 1444 in
798 1417 946 1446 sorrow
963 1405 1067 1456 flow,

1175 1395 1199 1433 3
1228 1379 1291 1423 Go
1308 1383 1353 1422 to
1369 1379 1441 1422 the
1458 1391 1596 1434 grave,
1611 1380 1674 1422 for
1691 1380 1805 1423 there
1822 1381 1899 1433 thy
1916 1380 2090 1424 Saviour

282 1458 417 1500 When
436 1457 528 1500 God
544 1456 692 1499 recalls
703 1456 768 1498 his
785 1468 894 1505 own;

1332 1434 1403 1485 lay

229 1511 325 1552 And
341 1511 432 1553 bids
448 1512 561 1553 them
575 1511 695 1552 leave
711 1522 738 1552 a
753 1511 881 1553 world
898 1512 945 1553 of
956 1524 1043 1553 woe

1172 1487 1226 1527 In
1245 1486 1398 1528 death's
1410 1486 1627 1540 embraces,
1643 1501 1709 1529 ere
1722 1488 1774 1529 he
1784 1501 1874 1529 rose
1892 1501 1945 1530 on
1960 1488 2070 1541 high

280 1565 364 1605 For
382 1577 435 1605 an
450 1564 654 1605 immortal
672 1573 806 1606 crown
818 1564 837 1603 ?

1173 1539 1271 1581 And
1301 1540 1358 1581 all
1384 1541 1456 1582 the
1481 1540 1705 1593 ransomed,
1732 1540 1788 1592 by
1816 1541 1909 1582 that
1932 1553 2088 1584 narrow

1333 1605 1438 1647 way,

230 1654 252 1680 2
279 1640 329 1679 Is
344 1643 418 1680 not
435 1640 524 1680 ev'n
542 1637 665 1680 death
682 1650 709 1679 a
724 1640 820 1691 gain
836 1642 881 1680 to
899 1639 1016 1681 those

1173 1647 1277 1688 Pass
1293 1649 1337 1688 to
1355 1649 1508 1689 eternal
1524 1648 1595 1690 life
1612 1647 1771 1701 beyond
1789 1649 1860 1689 the
1877 1649 1965 1701 sky.

283 1692 436 1734 Whose
450 1692 523 1732 life
538 1694 583 1733 to
602 1691 694 1733 God
711 1704 797 1733 was
813 1693 934 1745 given
947 1691 966 1731 ?

228 1744 379 1797 Gladly
395 1747 441 1786 to
458 1744 574 1786 earth
596 1745 702 1786 their
718 1756 815 1797 eyes
831 1745 928 1798 they
945 1746 1066 1798 close,

1173 1733 1201 1770 4
1228 1719 1291 1763 Go
1319 1722 1364 1762 to
1394 1720 1465 1762 the
1495 1724 1650 1773 grave?
1677 1731 1745 1772 no,
1774 1721 1870 1763 take
1897 1721 1970 1774 thy
1999 1725 2091 1764 seat

1334 1773 1463 1815 above
1476 1775 1489 1815 !

279 1799 345 1840 To
364 1809 467 1851 open
485 1798 597 1839 them
613 1800 657 1839 in
672 1797 841 1840 heaven.

1171 1827 1232 1868 Be
1248 1828 1323 1879 thy
1341 1839 1439 1880 pure
1457 1829 1575 1880 spirit
1592 1831 1754 1881 present
1771 1830 1870 1870 with
1881 1830 1952 1870 the
1965 1829 2085 1882 Lord,

227 1885 253 1923 3

281 1870 408 1911 Their
419 1870 514 1911 toils
527 1882 597 1912 are
609 1873 716 1923 past,
733 1870 840 1912 their
852 1872 963 1912 work
971 1873 1009 1912 is
1023 1870 1137 1924 done,
1173 1879 1323 1921 Where
1339 1880 1440 1921 thou
1457 1880 1520 1922 for
1543 1880 1648 1922 faith
1667 1881 1746 1921 and
1763 1881 1868 1935 hope
1885 1882 1981 1923 hast
1998 1895 2084 1935 per-

281 1923 377 1964 And
393 1924 492 1975 they
511 1935 580 1965 are
595 1923 699 1976 fully
719 1923 847 1965 blest:

1328 1933 1414 1975 fect
1428 1934 1535 1986 love,

225 1977 345 2029 They
362 1976 509 2029 fought
524 1977 597 2018 the
616 1977 733 2030 fight,
751 1977 823 2019 the
839 1979 997 2029 victory
1015 1990 1119 2032 won,

1170 1986 1266 2028 And
1284 1999 1387 2040 open
1404 1989 1534 2029 vision
1550 1988 1613 2029 for
1629 1989 1699 2029 the
1717 1990 1879 2031 written
1898 1989 2039 2031 Word.

280 2030 376 2072 And
393 2030 556 2073 entered
572 2031 658 2072 into
674 2033 771 2072 rest.

225 2116 255 2153 4
278 2101 397 2143 Then
412 2102 473 2143 let
489 2114 563 2143 our
580 2115 750 2145 sorrows
767 2115 884 2145 cease
900 2106 945 2144 to
963 2105 1119 2157 flow,-

1172 2084 1284 2142 973

1333 2126 1382 2148 M.

1454 2119 1499 2148 Be
1508 2118 1639 2157 Pitiful,
1653 2121 1680 2149 O
1692 2120 1764 2151 God.
1799 2127 1872 2151 C.F.
1883 2128 2086 2152 ALEXANDER.

280 2154 372 2198 God
387 2155 464 2196 has
479 2155 656 2199 recalled
672 2156 739 2198 his
755 2168 843 2200 own
862 2171 876 2210 ;

1171 2163 1207 2204 O
1228 2163 1312 2205 SON
1330 2163 1377 2205 of
1398 2163 1502 2215 God,
1515 2165 1559 2205 in
1576 2165 1692 2216 glory
1711 2164 1910 2216 crowned,

226 2209 321 2251 And
338 2210 400 2250 let
417 2219 491 2250 our
505 2209 645 2251 hearts
661 2212 704 2251 in
722 2222 843 2262 every
862 2223 961 2264 woe,

1223 2216 1311 2257 The
1323 2216 1463 2269 Judge
1477 2217 1665 2260 ordained
1676 2219 1724 2259 of
1732 2219 1852 2271 quick
1867 2219 1946 2259 and
1959 2218 2078 2260 dead!

281 2262 376 2304 Still
395 2270 564 2316 say,-"
576 2263 671 2315 Thy
692 2263 776 2304 will
791 2263 842 2304 be
860 2263 1019 2307 done!"

1170 2269 1207 2311 O
1228 2270 1310 2311 Son
1327 2270 1375 2311 of
1394 2282 1502 2321 man,
1520 2282 1566 2311 SO
1581 2271 1744 2323 pitying
1760 2270 1888 2313 found

1223 2323 1306 2364 For
1323 2323 1380 2364 all
1397 2324 1468 2365 the
1484 2325 1596 2366 tears
1612 2325 1688 2375 thy
1705 2325 1850 2378 people
1866 2324 1969 2367 shed
1985 2326 1999 2367 !

224 2361 335 2420 971

366 2404 440 2427 P.M.

565 2397 627 2428 The
639 2398 802 2435 Cemetery.

867 2407 893 2435 J.
905 2407 1136 2432 MONTGOMERY.

1171 2409 1193 2436 2
1221 2395 1283 2437 Be
1299 2396 1398 2437 with
1415 2408 1465 2437 us
1479 2397 1525 2436 in
1540 2396 1625 2437 this
1643 2396 1843 2438 darkened
1868 2399 2054 2452 place,-

223 2441 330 2483 THIS
344 2443 462 2495 place
479 2444 516 2484 is
532 2443 629 2495 holy
648 2443 805 2495 ground
819 2445 832 2484 !

1222 2448 1326 2490 This
1344 2459 1491 2503 weary,
1506 2450 1684 2503 restless,
1700 2450 1925 2503 dangerous
1940 2452 2082 2505 night;

277 2494 433 2548 World,
451 2496 551 2537 with
567 2497 623 2537 its
642 2507 768 2549 cares,
785 2508 901 2550 away
915 2498 929 2540 !

1169 2500 1266 2542 And
1281 2502 1414 2554 teach,
1432 2504 1498 2553 oh,
1514 2503 1638 2545 teach
1654 2515 1705 2545 us
1735 2504 1790 2556 by
1804 2505 1879 2556 thy
1893 2516 2028 2558 grace,

224 2548 265 2589 A
279 2548 392 2602 holy,
409 2550 565 2592 solemn
582 2550 773 2604 stillness,
790 2551 920 2594 round

1221 2555 1287 2597 To
1304 2557 1487 2609 struggle
1506 2556 1669 2599 onward
1684 2559 1771 2599 into
1786 2558 1896 2612 light
1907 2559 1921 2599 !

276 2601 379 2644 This
395 2603 560 2655 lifeless,
572 2605 823 2657 mouldering
841 2606 934 2658 clay
945 2621 960 2660 ;

1169 2634 1194 2672 3
1223 2619 1318 2662 And
1333 2619 1456 2671 since,
1474 2622 1519 2662 in
1537 2620 1663 2664 God's
1682 2621 1894 2675 recording
1910 2621 2028 2674 book,

221 2652 312 2696 Nor
326 2656 435 2708 pain,
452 2668 528 2698 nor
543 2657 659 2709 grief,
677 2669 752 2699 nor
769 2660 938 2701 anxious
955 2659 1053 2712 fear,

1224 2674 1308 2715 Our
1324 2675 1409 2715 sins
1427 2686 1496 2715 are
1513 2675 1686 2727 written,
1705 2688 1827 2728 every
1846 2688 1989 2729 one,-

223 2708 313 2750 Can
328 2709 451 2750 reach
467 2710 538 2751 the
553 2710 740 2764 peaceful
756 2710 912 2765 sleeper
926 2712 1034 2755 here.

1167 2726 1259 2768 The
1272 2728 1405 2779 crime,
1414 2727 1486 2769 the
1498 2729 1642 2780 wrath,
1655 2729 1726 2770 the
1732 2729 1963 2782 wandering
1973 2729 2081 2782 look,

224 2796 247 2823 2
275 2780 433 2824 Behold
449 2783 521 2824 the
538 2782 617 2824 bed
635 2783 682 2825 of
702 2783 837 2837 death,

1220 2780 1313 2823 The
1325 2780 1432 2834 good
1444 2793 1505 2823 we
1517 2781 1645 2834 knew,
1660 2782 1739 2823 and
1754 2782 1832 2824 left
1843 2783 2000 2826 undone
2014 2799 2083 2837 ;-

274 2835 368 2877 The
384 2837 478 2889 pale
496 2836 577 2878 and
592 2837 740 2879 mortal
758 2838 849 2890 clay
866 2840 878 2880 !

1167 2857 1195 2893 4
1219 2842 1341 2895 Lord,
1378 2856 1445 2886 ere
1475 2844 1547 2886 the
1580 2844 1665 2886 last
1700 2843 1825 2887 dread
1858 2847 1993 2899 trump
2030 2846 2083 2888 be

221 2888 364 2931 Heard
380 2901 435 2942 ye
449 2890 521 2932 the
538 2890 612 2933 sob
630 2890 679 2934 of
697 2893 859 2944 parting
878 2893 1020 2935 breath
1034 2895 1053 2935 ?

1327 2897 1464 2950 heard,

275 2942 444 2987 Marked
459 2956 513 2997 ye
531 2944 602 2986 the
619 2946 727 2998 eye's
742 2946 826 2987 last
841 2956 915 2998 ray
927 2946 947 2987 ?

1223 2950 1318 2991 And
1336 2963 1402 2992 ere
1419 2951 1553 2993 before
1571 2953 1645 3004 thy
1662 2952 1752 2994 face
1770 2966 1831 2994 we
1849 2953 1982 3006 stand,

219 2995 284 3036 No
301 2996 313 3036 !
339 2996 412 3038 life
435 3009 481 3038 so
500 2999 668 3050 sweetly
687 2998 830 3041 ceased
847 3001 890 3039 to
909 2998 972 3052 be,

1167 3002 1281 3045 Look
1298 3004 1397 3046 thou
1414 3016 1466 3046 on
1480 3005 1580 3047 each
1600 3007 1788 3059 accusing
1806 3006 1928 3059 word,

220 3048 267 3090 It
282 3048 424 3102 lapsed
439 3051 484 3092 in
500 3051 773 3104 immortality.

1223 3056 1318 3098 And
1336 3056 1423 3099 blot
1439 3059 1475 3099 it
1491 3059 1588 3100 with
1605 3059 1680 3110 thy
1700 3059 1887 3112 bleeding
1904 3059 2026 3102 hand.
