2395 3319
373 254 478 321 No.
500 258 626 320 203.

789 258 932 322 THE
964 256 1408 322 SHELTERING
1445 255 1644 322 ROCK.

459 358 517 393 W.
537 358 579 393 E.
598 357 640 394 P.

1517 357 1575 395 W.
1594 358 1635 394 E.
1654 358 1782 403 PENN,
1800 358 1850 403 by
1863 367 1938 403 per.

544 403 641 439 Slow.
671 402 753 446 May
765 405 806 439 be
818 413 907 448 sung
921 405 1004 439 with
1014 405 1103 447 good
1113 405 1209 447 effect
1221 414 1261 439 as
1274 414 1299 438 a
1314 405 1400 441 Solo.

507 632 529 667 1

552 631 669 667 There
712 632 746 666 is
817 641 842 666 a
885 631 986 667 Rock
1022 631 1064 666 in
1107 641 1132 666 a
1177 640 1331 674 wea-ry
1366 630 1466 674 land,
1506 629 1563 665 Its
1580 629 1742 665 shad-ow
1764 629 1849 665 falls
1868 639 1916 665 on
1945 630 2009 664 the

505 677 531 711 2
551 676 668 712 There
709 677 743 711 is
816 686 840 710 a
883 676 982 711 Well
1022 676 1064 710 in
1106 685 1131 710 a
1183 677 1250 711 des
1258 693 1274 703 -
1285 680 1342 710 ert
1362 676 1474 719 plain,
1507 675 1565 710 Its
1591 684 1661 710 wa-
1676 676 1751 710 ters
1771 675 1842 710 call
1851 675 1945 710 with
1956 684 2016 710 en-

507 722 531 756 3

574 722 608 756 A
681 723 785 764 great
790 720 865 755 fold
872 721 999 756 stands
1007 721 1097 755 with
1106 720 1157 755 its
1181 728 1247 762 por
1255 736 1272 748 -
1281 721 1353 754 tals
1365 720 1470 761 wide,
1495 720 1575 754 The
1584 720 1695 762 sheep
1703 728 1742 754 a-
1756 721 1855 762 stray
1869 728 1917 753 on
1945 719 2011 754 the

506 767 533 801 4
552 765 668 800 There
711 766 745 800 is
816 774 842 799 a
884 773 979 800 cross
985 765 1104 799 where
1110 765 1173 799 the
1178 764 1263 799 Sav-
1275 764 1358 799 iour
1371 764 1467 807 died,
1485 764 1557 798 His
1563 763 1667 798 blood
1676 763 1767 798 flow'
1774 763 1868 798 dout
1880 763 1921 798 in

1963 772 1989 799 a

533 1277 709 1322 burn-ing
716 1276 819 1318 sand,
832 1276 878 1310 In
900 1294 918 1303 -
938 1275 1073 1320 vit-ing
1097 1275 1265 1319 pilgrims
1299 1284 1342 1310 as
1349 1275 1436 1318 they
1445 1284 1530 1318 pass
1556 1275 1611 1310 To
1630 1275 1716 1310 seek
1737 1284 1760 1309 a
1769 1274 1883 1310 shade
1890 1275 1931 1310 in

1951 1275 2017 1310 the

503 1322 660 1365 treating
666 1321 789 1362 strain,
832 1320 902 1361 Ho,
941 1321 1059 1363 ev-'ry
1074 1320 1248 1363 thirsting
1257 1319 1406 1354 sin-sick
1413 1320 1504 1360 soul,
1509 1319 1617 1354 Come
1621 1319 1734 1362 freely
1741 1319 1860 1362 drink,
1864 1319 1935 1355 and
1942 1319 2032 1354 thou

516 1367 717 1403 mountain
719 1365 806 1407 side,
815 1364 892 1399 The
898 1364 1081 1408 Shepherd
1089 1363 1197 1398 climbs
1202 1368 1232 1398 o'
1239 1374 1278 1398 er
1282 1363 1447 1397 mountains
1453 1366 1562 1407 steep,
1568 1363 1655 1398 He's
1660 1363 1816 1407 searching
1823 1373 1904 1398 now
1910 1363 1967 1398 for
1974 1363 2033 1398 his

535 1411 704 1445 crim-son

718 1410 796 1444 tide

835 1409 869 1443 A

935 1417 996 1444 sac
1006 1426 1022 1436 -
1030 1409 1065 1442 ri
1074 1427 1090 1436 -
1102 1408 1169 1443 fice
1182 1408 1237 1443 for
1279 1408 1356 1443 sins
1376 1408 1420 1442 of
1442 1417 1537 1450 men,
1552 1408 1636 1443 And
1648 1408 1722 1442 free
1736 1410 1775 1442 to
1806 1408 1859 1442 all
1866 1408 1948 1442 who
1956 1407 2033 1442 will

848 1702 1049 1740 REFRAIN.

559 1953 625 1988 wil
632 1970 650 1981 -
662 1952 842 1989 der-ness.

542 1998 644 2034 shalt
655 1998 703 2032 be
710 1995 855 2032 whole."

531 2041 855 2087 wand'ringsheep.

906 2018 1011 2054 Then
1019 2019 1106 2063 why
1112 2018 1190 2054 will
1202 2027 1251 2062 ye
1305 2017 1389 2054 die?

1478 2017 1536 2054 Oh
1547 2019 1558 2052 !
1572 2017 1657 2062 why
1668 2016 1748 2053 will
1761 2026 1811 2062 ye
1838 2015 1923 2053 die?

567 2095 615 2122 en
626 2103 645 2114 -
664 2088 723 2121 ter
764 2086 815 2121 in.

1570 2380 1704 2417 Slower.

510 2609 630 2645 When
640 2609 705 2644 the
732 2609 924 2655 shelt'ring
939 2610 1040 2646 Rock
1077 2610 1111 2645 is

1167 2619 1208 2646 SO

1250 2618 1339 2645 near

1367 2609 1443 2652 by?

1463 2609 1518 2643 Oh

1570 2609 1655 2651 why

1701 2609 1779 2643 will
1791 2618 1841 2651 ye

1882 2608 1967 2644 die?

512 2654 631 2689 When
641 2654 705 2689 the
746 2654 802 2689 liv
814 2672 831 2683 -
852 2655 918 2698 ing
943 2654 1041 2690 Well
1075 2655 1109 2689 is

1165 2664 1206 2689 SO

1248 2662 1336 2688 near

1364 2653 1434 2697 by?

1459 2653 1517 2687 Oh

1568 2653 1656 2697 why

1701 2652 1780 2687 will
1791 2661 1842 2697 ye

1883 2652 1966 2687 die?

510 2698 631 2734 When
639 2700 706 2734 the
731 2698 949 2742 Shepherd's
957 2699 1034 2734 fold

1078 2699 1112 2734 is

1168 2707 1209 2734 SO
1251 2707 1339 2733 near
1367 2697 1442 2741 by?
1464 2697 1520 2732 Oh
1571 2698 1656 2740 why
1701 2697 1780 2732 will
1791 2706 1842 2740 ye
1882 2696 1967 2732 die?

511 2743 632 2779 When
641 2743 706 2778 the
735 2744 839 2779 crim-
852 2753 918 2779 son
947 2752 1042 2779 cross

1077 2744 1111 2778 is

1168 2752 1207 2778 SO
1250 2751 1339 2777 near
1366 2742 1434 2786 by?
1463 2741 1518 2777 Oh
1571 2742 1657 2786 why
1701 2742 1781 2776 will
1791 2749 1842 2786 ye
1882 2740 1968 2778 die?

488 2996 633 3026 Copyright,
642 2994 706 3023 1887,
716 2994 750 3022 by
759 2993 798 3017 W.
806 2991 836 3016 E.
844 2990 924 3016 Penn.
949 2989 991 3014 All
1000 2989 1084 3019 rights
1092 2989 1217 3015 reserved.

1172 3027 1259 3065 192
