3030 5370
1061 333 1599 415 HYMNS
1681 341 2112 420 FROM

499 500 1114 582 "WINDOWS
1183 504 1328 583 OF
1399 506 1905 590 HEAVEN"
1977 511 2272 594 SONG
2350 513 2669 594 BOOK.

533 680 648 718 THE
668 681 832 720 PRIZE
855 682 908 721 IS
929 683 1034 721 SET
1057 684 1280 723 BEFORE
1304 685 1386 725 US.

1592 678 1675 719 Let
1688 678 1811 719 those
1823 680 1966 722 refuse
1981 682 2029 721 to
2039 680 2140 730 sing

1636 726 1748 766 Who
1761 736 1896 766 never
1909 727 2034 769 knew
2049 738 2129 768 our
2143 728 2251 776 God;

580 779 675 818 The
687 781 803 830 prize
816 782 853 819 is
866 784 933 820 set
950 782 1096 821 before
1112 793 1204 821 us-

1586 774 1675 813 But
1688 773 1879 814 children
1893 776 1947 814 of
1956 777 2031 816 the
2045 776 2245 827 heav'nly
2259 777 2393 828 King,

583 824 646 861 To
659 829 755 868 win,
770 835 851 863 our
865 826 976 865 Lord
991 827 1189 874 implores
1202 830 1268 866 us!

1585 821 1676 861 But
1688 820 1880 862 children
1895 822 1949 862 of
1958 823 2033 864 the
2047 823 2247 874 heav'nly
2262 826 2398 875 King,

583 869 677 907 The
690 879 769 915 eye
781 871 830 908 of
842 870 935 908 God
948 873 988 909 is
1001 874 1090 910 o'er
1103 880 1167 914 us,

1632 868 1736 915 May
1750 869 1885 918 speak
1900 870 2013 911 their
2023 872 2122 921 joys
2134 872 2309 920 abroad,

583 915 709 953 From
724 923 781 952 on
796 914 918 962 high,
933 916 1044 955 from
1059 925 1116 955 on
1132 916 1252 965 high!

1632 914 1737 965 May
1749 917 1885 966 speak
1900 917 2013 958 their
2022 919 2121 968 joys
2135 919 2309 961 abroad.

582 957 660 995 His
672 958 817 1004 loving
831 962 955 998 tones
965 969 1038 997 are
1052 959 1214 1007 falling,

584 1001 721 1040 While
734 1005 801 1041 sin
813 1004 851 1041 is
862 1003 982 1049 dark,
997 1006 1217 1053 appaling;

1584 997 1676 1037 The
1689 995 1767 1036 hill
1780 995 1835 1036 of
1843 997 1949 1038 Zion
1965 997 2100 1048 yields

579 1046 670 1084 'Tis
684 1048 811 1087 Jesus
820 1048 970 1096 gently
982 1049 1182 1097 calling-

1632 1046 1673 1084 A
1687 1042 1901 1084 thousand
1912 1047 2057 1086 sacred
2070 1049 2240 1093 sweets,

582 1091 650 1129 He
664 1092 700 1130 is
714 1092 834 1139 nigh,
851 1092 917 1131 He
931 1094 968 1131 is
979 1092 1099 1141 nigh.

1586 1090 1742 1131 Before
1756 1099 1824 1130 we
1836 1092 1961 1132 reach
1976 1094 2053 1134 the
2066 1093 2291 1143 heaven'ly
2306 1094 2444 1144 fields,

472 1157 692 1202 CH0.-By
706 1158 793 1197 and
807 1158 867 1204 by
883 1168 946 1197 we
958 1159 1068 1199 shall
1082 1163 1196 1200 meet
1211 1161 1328 1209 Him,

1588 1138 1742 1179 Before
1756 1147 1822 1179 we
1835 1140 1958 1180 reach
1974 1141 2051 1181 the
2064 1141 2290 1190 heaven'ly
2303 1142 2440 1192 fields,

626 1202 693 1247 By
706 1202 792 1240 and
808 1202 867 1249 by
884 1213 946 1241 we
956 1203 1067 1243 shall
1083 1208 1201 1252 greet
1212 1205 1329 1252 Him,

1629 1186 1691 1225 Or
1703 1185 1822 1227 walk
1834 1187 1911 1227 the
1923 1188 2077 1238 golden
2089 1192 2253 1237 streets,

626 1246 722 1285 And
736 1246 843 1285 with
856 1248 983 1286 Jesus
994 1249 1115 1294 reign
1130 1251 1177 1288 in
1191 1251 1328 1299 glory,

1630 1233 1693 1273 Or
1703 1231 1823 1274 walk
1835 1234 1912 1274 the
1918 1235 2072 1285 golden
2082 1237 2250 1278 streets.

624 1291 691 1335 By
705 1292 794 1330 and
810 1292 879 1337 by,
896 1293 955 1337 by
967 1294 1054 1332 and
1070 1294 1142 1338 by;

624 1336 691 1378 By
705 1336 790 1374 and
806 1335 866 1382 by
880 1346 944 1375 we
956 1338 1066 1377 shall
1078 1340 1194 1377 meet
1206 1338 1321 1385 Him,

1582 1314 1700 1354 Then
1715 1313 1777 1354 let
1792 1324 1874 1355 our
1883 1325 1992 1365 song
2004 1314 2193 1366 abound,

622 1379 691 1425 By
706 1378 791 1417 and
807 1379 864 1427 by
880 1390 944 1418 we
957 1380 1067 1419 shall
1081 1385 1204 1428 greet
1216 1382 1336 1429 Him,

1631 1360 1731 1401 And
1747 1370 1881 1410 every
1894 1364 1987 1404 tear
2000 1364 2054 1403 be
2064 1364 2160 1414 dry;

620 1425 719 1462 And
734 1425 838 1462 with
852 1425 980 1464 Jesus
994 1428 1114 1474 reign
1132 1428 1177 1467 in
1190 1429 1328 1475 glory,

1585 1408 1727 1448 We're
1755 1408 1978 1460 marching
1996 1409 2187 1460 through
2206 1411 2485 1454 Immanuel's
2504 1413 2689 1465 ground,

618 1467 685 1514 By
700 1469 786 1508 and
801 1468 874 1515 by.

1585 1456 1725 1495 We're
1752 1456 1971 1503 marching
1993 1457 2177 1507 through
2201 1458 2487 1501 Immanuel's
2507 1461 2688 1511 ground,

1626 1503 1690 1542 To
1705 1504 1834 1544 fairer
1845 1505 2000 1546 worlds
2014 1515 2071 1545 on
2085 1506 2207 1554 high.

575 1533 653 1571 We
670 1534 812 1572 follow
826 1535 964 1574 where
981 1536 1046 1574 He
1060 1537 1284 1577 leadeth-

1626 1550 1691 1591 To
1704 1548 1836 1591 fairer
1847 1552 2005 1594 worlds
2017 1563 2074 1593 on
2089 1554 2204 1602 high.

573 1579 653 1617 We
668 1583 842 1627 pasture
858 1581 998 1620 where
1016 1582 1082 1620 He
1096 1582 1316 1623 feedeth-

574 1623 653 1661 We
666 1623 782 1668 yield
795 1628 844 1663 to
857 1624 958 1663 Him
973 1626 1071 1664 who
1086 1626 1290 1673 pleadeth

576 1667 700 1705 From
716 1678 774 1705 on
787 1668 907 1715 high,
923 1671 1034 1708 from
1048 1679 1104 1708 on
1121 1671 1242 1719 high!

576 1712 660 1749 For
672 1714 840 1759 naught
855 1715 963 1752 from
981 1715 1078 1752 Him
1095 1725 1173 1754 can
1188 1724 1325 1761 sever;

1832 1699 1938 1738 LET
1958 1701 2074 1740 THE
2097 1702 2344 1743 SAVIOUR
2363 1703 2441 1743 IN.

573 1756 662 1794 Our
677 1759 788 1805 hope
799 1759 910 1798 shall
925 1758 1127 1805 brighten
1139 1770 1258 1802 ever;

575 1799 667 1837 And
684 1803 796 1840 faith
810 1802 921 1841 shall
937 1804 1014 1842 fail
1028 1814 1081 1842 us
1095 1814 1273 1844 never-

1667 1810 1842 1850 There's
1855 1821 1883 1849 a
1896 1812 2100 1858 Stranger
2113 1816 2163 1853 at
2176 1815 2253 1853 the
2261 1814 2379 1862 door;

575 1845 639 1883 He
653 1846 690 1883 is
704 1847 822 1893 nigh,
839 1847 906 1885 He
919 1848 956 1885 is
969 1849 1087 1896 nigh.

1757 1856 1837 1894 Let
1853 1856 1952 1894 Him
1967 1858 2029 1895 in!

572 1910 662 1949 Our
674 1912 801 1951 home
816 1913 854 1951 is
868 1913 1013 1961 bright
1026 1913 1166 1954 above
1179 1926 1246 1962 us;

1667 1899 1736 1937 He
1751 1901 1830 1939 has
1843 1902 1952 1940 been
1967 1903 2089 1941 there
2102 1903 2169 1941 oft
2182 1903 2341 1950 before;

572 1955 640 1993 No
654 1957 776 1995 trials
789 1958 911 1996 there
926 1962 976 1997 to
988 1968 1111 1998 move
1128 1969 1191 2004 us,

1757 1944 1836 1982 Let
1850 1944 1950 1983 Him
1964 1946 2026 1983 in!

573 2000 662 2038 But
676 2002 820 2040 Christ
833 2011 914 2040 our
926 2002 1038 2042 Lord
1051 2007 1100 2043 to
1114 2005 1211 2042 love
1225 2014 1289 2045 us,

1667 1988 1748 2026 Let
1764 1988 1864 2027 Him
1878 1990 1924 2027 in
1938 1997 2010 2028 ere
2026 1990 2090 2028 He
2103 1990 2141 2029 is
2153 1999 2278 2039 gone;

572 2044 725 2085 Dwells
740 2055 797 2084 on
813 2046 939 2092 high:
954 2047 1100 2087 dwells
1113 2058 1170 2087 on
1185 2049 1312 2096 high!

1669 2033 1748 2071 Let
1767 2034 1865 2072 Him
1879 2036 1939 2077 in,
1955 2035 2048 2073 The
2061 2034 2177 2083 Holy
2191 2038 2293 2076 One,

569 2089 647 2125 We
659 2090 757 2136 give
772 2099 853 2128 our
866 2091 961 2129 best
975 2092 1203 2135 endeavor;

1663 2077 1793 2116 Jesus
1808 2077 1962 2123 Christ,
1977 2080 2057 2118 the
2072 2079 2267 2121 Father's
2280 2082 2381 2127 Son;

572 2133 650 2171 We
662 2136 803 2180 praise
819 2136 897 2174 His
910 2144 1036 2175 name
1049 2140 1233 2181 forever;

1758 2121 1838 2159 Let
1850 2122 1951 2161 Him
1972 2123 2035 2161 in!

573 2177 652 2217 His
667 2180 858 2226 precious
872 2179 1014 2219 words
1023 2191 1103 2220 can
1118 2190 1297 2222 never-

574 2223 713 2261 Never
723 2224 804 2268 die,
818 2234 950 2262 never
962 2226 1045 2263 die.

1665 2211 1787 2257 Open
1801 2220 1898 2249 now
1912 2215 1961 2251 to
1973 2212 2077 2252 Him
2088 2223 2200 2261 your
2212 2215 2354 2262 heart;

1755 2255 1833 2293 Let
1846 2256 1944 2294 Him
1957 2257 2021 2295 in!

1667 2298 1712 2337 If
1724 2308 1812 2345 you
1826 2303 1931 2338 wait
1942 2301 2008 2339 He
2022 2302 2106 2340 will
2121 2302 2289 2351 depart;

792 2335 1104 2379 BETHANY.

1755 2345 1836 2383 Let
1851 2345 1951 2384 Him
1965 2346 2026 2385 in!

1663 2388 1746 2426 Let
1762 2388 1860 2427 Him
1873 2391 1936 2432 in;
1953 2389 2019 2429 He
2032 2391 2071 2429 is
2080 2399 2193 2439 your
2202 2391 2377 2440 Friend;

582 2437 754 2484 Nearer,
770 2449 848 2487 my
864 2438 971 2484 God,
984 2442 1033 2481 to
1047 2439 1181 2487 Thee,

1669 2433 1766 2471 And
1779 2441 1889 2477 your
1901 2435 1995 2473 soul
2010 2435 2078 2473 He
2092 2436 2177 2474 will
2192 2436 2362 2482 defend,

628 2487 790 2525 Nearer
804 2490 851 2525 to
864 2486 998 2525 Thee!

1665 2477 1733 2515 He
1748 2477 1832 2516 will
1848 2479 1957 2525 keep
1970 2488 2060 2524 you
2073 2483 2121 2518 to
2136 2480 2213 2519 the
2226 2482 2326 2526 end;

578 2532 688 2571 E'en
703 2533 867 2580 though
882 2534 921 2572 it
935 2536 988 2574 be
1000 2544 1029 2573 a
1041 2542 1154 2574 cross

1753 2522 1832 2560 Let
1845 2522 1947 2562 Him
1960 2524 2021 2562 in!

626 2580 740 2619 That
750 2581 907 2622 raiseth
922 2590 1008 2626 me,

578 2625 677 2665 Still
686 2627 746 2665 all
759 2636 839 2673 my
851 2636 960 2675 song
971 2627 1086 2668 shall
1102 2627 1173 2674 be,

1664 2611 1780 2649 Hear
1792 2621 1879 2655 you
1893 2622 1989 2650 now
2004 2613 2084 2651 His
2096 2613 2245 2662 loving
2257 2617 2392 2662 voice;

1752 2655 1833 2692 Let
1849 2655 1950 2693 Him
1962 2656 2026 2693 in!

578 2673 753 2718 Nearer,
764 2682 843 2721 my
859 2673 968 2720 God,
983 2676 1031 2713 to
1046 2675 1178 2723 Thee,

624 2719 785 2760 Nearer
798 2723 848 2759 to
861 2720 993 2761 Thee!

1662 2697 1782 2738 Now,
1799 2700 1855 2736 oh
1868 2707 1975 2740 now,
1993 2699 2123 2739 make
2135 2700 2238 2740 Him
2251 2711 2362 2750 your
2375 2702 2535 2750 choice;

1754 2744 1831 2780 Let
1848 2743 1947 2782 Him
1963 2743 2024 2783 in!

575 2786 756 2835 Though
770 2787 863 2829 like
875 2797 905 2829 a
918 2789 1159 2838 wanderer,

1664 2786 1731 2825 He
1745 2788 1780 2826 is
1793 2787 1998 2836 standing
2008 2792 2057 2829 at
2070 2790 2147 2830 the
2159 2790 2279 2837 door,

623 2836 717 2876 The
729 2846 810 2876 sun
825 2845 936 2885 gone
949 2837 1090 2884 down,

1661 2831 1749 2877 Joy
1764 2836 1812 2870 to
1825 2842 1914 2878 you
1929 2833 1996 2871 He
2010 2834 2095 2872 will
2109 2837 2286 2880 restore,

576 2881 796 2924 Darkness
809 2894 953 2924 comes
961 2888 1073 2925 over
1086 2895 1176 2933 me,

1663 2876 1761 2914 And
1779 2876 1855 2914 His
1869 2886 1995 2916 name
2008 2888 2096 2924 you
2111 2880 2197 2918 will
2210 2880 2356 2926 adore;

626 2931 701 2976 My
715 2932 808 2969 rest
820 2940 848 2969 a
861 2933 1002 2977 stone;

1752 2921 1831 2959 Let
1848 2922 1946 2960 Him
1962 2923 2023 2960 in!

576 2977 663 3016 Yet
679 2979 724 3016 in
740 2986 819 3025 my
832 2980 1003 3019 dreams
1023 2979 1091 3018 I'd
1108 2978 1165 3018 be

1662 2998 1767 3038 Now
1783 2999 1923 3040 admit
1933 3002 2011 3040 the
2023 2997 2225 3050 heav'nly
2239 3002 2389 3049 Guest;

576 3024 752 3071 Nearer,
768 3034 847 3073 my
863 3025 974 3072 God,
989 3029 1038 3066 to
1050 3027 1183 3073 Thee,

1751 3043 1831 3082 Let
1847 3045 1947 3083 Him
1961 3046 2022 3084 in!

624 3073 786 3114 Nearer
800 3077 849 3113 to
862 3074 996 3115 Thee.

1661 3088 1729 3125 He
1744 3088 1828 3125 will
1843 3089 1972 3128 make
1985 3092 2055 3128 for
2065 3098 2150 3136 you
2163 3101 2192 3129 a
2206 3091 2332 3137 feast;

577 3141 716 3180 There
728 3141 790 3180 let
804 3151 883 3190 my
899 3152 998 3191 way
1011 3152 1172 3193 appear

1753 3133 1831 3171 Let
1848 3133 1947 3172 Him
1961 3135 2025 3172 in!

620 3189 745 3235 Steps
759 3193 866 3229 unto
880 3191 1058 3239 heaven;

1661 3176 1731 3213 He
1747 3177 1831 3214 will
1843 3178 1978 3224 speak
1991 3188 2102 3225 your
2114 3180 2204 3218 sins
2215 3179 2417 3226 forgin'n,

575 3235 647 3276 All
660 3237 760 3275 that
771 3237 896 3277 Thou
910 3239 1084 3278 sendest
1093 3246 1168 3278 me

1661 3220 1758 3258 And
1773 3222 1896 3259 when
1913 3223 2136 3262 earth-ties
2147 3223 2207 3261 all
2221 3233 2296 3262 are
2309 3226 2435 3270 riv'n,

624 3284 678 3323 In
695 3288 845 3332 mercy
856 3285 1005 3332 given;

1663 3265 1729 3303 He
1744 3265 1826 3304 will
1844 3268 1949 3307 take
1962 3276 2051 3312 you
2064 3270 2190 3307 home
2204 3272 2252 3307 to
2266 3269 2434 3309 heav'n.

1749 3311 1830 3349 Let
1845 3310 1946 3349 Him
1960 3311 2021 3350 in!

576 3331 740 3371 Angels
752 3334 800 3372 to
814 3332 976 3372 beckon
994 3342 1069 3372 me

574 3378 747 3419 Nearer.
764 3387 844 3427 my
858 3377 968 3426 God,
984 3383 1032 3419 to
1046 3379 1177 3429 Thee,

622 3425 784 3466 Nearer
796 3429 845 3466 to
857 3426 989 3467 Thee!

578 3496 649 3539 Or,
666 3494 711 3534 if
720 3505 776 3535 on
787 3495 932 3545 joyful
945 3496 1078 3545 wing,

1924 3489 2317 3534 CORONATION.

623 3541 827 3593 Cleaving
840 3543 918 3583 the
928 3544 1028 3593 sky,

574 3588 680 3636 Sun,
698 3599 845 3637 moon,
859 3591 946 3631 and
958 3596 1070 3632 stars
1083 3591 1244 3642 forgot,

1620 3591 1693 3631 All
1706 3591 1795 3631 hail
1810 3593 1886 3632 the
1900 3602 2042 3642 power
2056 3594 2111 3633 of
2119 3593 2260 3634 Jesus'
2277 3597 2429 3635 name!

625 3636 810 3686 Upward
825 3636 851 3678 I
863 3637 940 3685 fly,

1666 3640 1747 3679 Let
1762 3640 1907 3688 angels
1920 3643 2129 3688 prostrate
2142 3641 2239 3688 fall;

574 3683 673 3724 Still
689 3685 750 3724 all
766 3694 843 3733 my
855 3694 964 3734 song
976 3684 1089 3727 shall
1104 3686 1173 3733 be,

1616 3686 1752 3734 Bring
1767 3688 1886 3728 forth
1902 3688 1980 3728 the
1993 3689 2113 3736 royal
2127 3688 2315 3737 diadem,

574 3733 752 3780 Nearer,
767 3742 847 3780 my
862 3733 973 3780 God,
988 3737 1037 3773 to
1049 3735 1181 3781 Thee,

1664 3735 1766 3775 And
1781 3744 1926 3776 crown
1941 3735 2053 3776 Him
2069 3736 2185 3777 Lord
2200 3737 2254 3777 of
2263 3739 2340 3779 all.

621 3781 781 3822 Nearer
796 3784 844 3820 to
857 3780 989 3821 Thee.

1616 3826 1684 3866 Ye
1697 3826 1849 3866 chosen
1865 3827 1964 3867 seed
1979 3827 2033 3867 of
2042 3828 2213 3869 Israel's
2225 3838 2331 3877 race,

550 3883 747 3925 WE'RE
762 3881 1081 3926 MARCHING
1095 3884 1170 3926 TO
1182 3883 1340 3926 ZION.

1664 3875 1730 3913 Ye
1743 3874 1969 3914 ransomed
1983 3876 2104 3915 from
2114 3876 2190 3916 the
2199 3876 2286 3923 fall,

1613 3921 1720 3961 Hail
1735 3922 1842 3961 Him
1860 3923 1959 3962 who
1970 3931 2098 3964 saves
2110 3933 2199 3971 you
2215 3924 2274 3972 by
2289 3926 2375 3966 His
2387 3935 2526 3976 grace,

388 3984 522 4026 Come
535 3996 603 4026 we
616 3986 711 4026 that
725 3986 824 4027 love
837 3986 915 4027 the
927 3985 1057 4033 Lord,

1663 3969 1763 4009 And
1777 3979 1921 4010 crown
1936 3971 2046 4011 Him
2061 3969 2180 4011 Lord
2193 3973 2248 4011 of
2257 3973 2330 4013 all.

433 4033 533 4073 And
547 4034 607 4072 let
622 4043 702 4073 our
710 4035 809 4083 joys
822 4034 877 4074 be
892 4034 1069 4081 known,

386 4081 487 4121 Join
502 4081 550 4120 in
564 4089 593 4120 a
605 4090 712 4129 song
726 4082 835 4121 with
848 4084 983 4122 sweet
996 4082 1158 4129 accord,

1612 4060 1802 4108 Sinners,
1818 4061 1965 4102 whose
1978 4062 2080 4103 love
2094 4072 2172 4103 can
2188 4066 2308 4105 ne'er
2321 4066 2465 4113 forget

384 4128 486 4167 Join
502 4128 549 4167 in
564 4137 591 4168 a
604 4137 711 4177 song
724 4129 831 4169 with
845 4134 979 4169 sweet
993 4130 1158 4176 accord,

1658 4110 1754 4149 The
1767 4109 2032 4151 wormwood
2046 4111 2132 4151 and
2146 4113 2222 4152 the
2235 4113 2336 4162 gall,

432 4176 536 4216 And
552 4177 655 4216 thus
668 4177 878 4216 surround
893 4177 969 4217 the
984 4175 1153 4217 throne.

1613 4157 1693 4198 Go,
1709 4158 1861 4203 spread
1876 4166 1988 4206 your
2002 4159 2190 4206 trophies
2204 4165 2253 4200 at
2267 4162 2350 4201 His
2365 4162 2467 4210 feet,

428 4223 530 4263 And
544 4223 645 4264 thus
658 4223 869 4265 surround
883 4225 960 4264 the
972 4224 1141 4265 throne.

1660 4204 1762 4245 And
1777 4214 1920 4245 crown
1936 4205 2047 4247 Him
2062 4205 2180 4247 Lord
2194 4207 2248 4248 of
2256 4208 2327 4249 all.

384 4292 695 4333 CHO.-We're
706 4293 933 4339 marching
947 4295 997 4335 to
1010 4293 1132 4342 Zion,

1610 4296 1694 4336 Let
1707 4304 1842 4345 every
1855 4296 2050 4345 kindred,
2065 4307 2198 4346 every
2212 4300 2336 4349 tribe,

524 4339 759 4387 Beautiful,
775 4341 1001 4387 beautiful,
1016 4341 1140 4390 Zion;

1658 4345 1725 4384 On
1742 4346 1831 4384 this
1845 4345 2080 4386 terrestrial
2095 4347 2196 4393 ball,

525 4388 662 4428 We're
676 4389 901 4435 marching
918 4390 1092 4438 upward
1110 4393 1160 4431 to
1173 4391 1292 4437 Zion,

1609 4391 1673 4431 To
1689 4389 1801 4430 Him
1815 4391 1872 4432 all
1885 4392 2068 4441 majesty
2081 4395 2256 4442 ascribe,

522 4435 616 4476 The
631 4435 843 4477 beautiful
855 4435 945 4486 city
959 4436 1014 4478 of
1022 4435 1135 4478 God.

1658 4439 1759 4479 And
1774 4450 1915 4479 crown
1932 4439 2045 4480 Him
2059 4439 2176 4482 Lord
2189 4443 2243 4484 of
2250 4443 2322 4484 all.

1000 4560 1270 4606 MEETINGS
1298 4570 1469 4606 EVERY
1499 4570 1659 4607 NIGHT
1684 4569 1825 4607 NEXT
1852 4571 2005 4607 WEEK
2033 4573 2101 4608 AT

385 4637 738 4695 BRANTLY
771 4638 1105 4704 CHURCH,
1142 4640 1366 4692 Corner
1399 4640 1720 4695 Schroeder
1753 4642 1960 4694 Street
1994 4642 2114 4695 and
2153 4643 2535 4701 Edmondson
2569 4653 2708 4704 Ave.

853 4748 1099 4785 NOONDAY
1127 4749 1382 4785 MEETINGS
1412 4751 1477 4784 AT
1505 4746 1562 4786 12
1635 4752 1800 4790 CLOCK
1827 4752 2001 4788 EVERY
2029 4751 2135 4788 DAY
2162 4756 2233 4790 AT

539 4829 611 4871 St.
637 4829 813 4872 John's
840 4829 1166 4882 Independent
1189 4828 1447 4873 Methodist
1474 4831 1679 4885 Church,
1712 4833 1903 4886 Liberty
1932 4834 2092 4877 Street
2119 4846 2237 4877 near
2265 4836 2544 4891 Lexington.

487 4920 1090 5023 COME

1962 4926 2553 5029 COME
2582 4934 2611 5030 I
