2088 3268
1005 264 1168 296 HYMNS.

297 368 321 405 4
351 366 444 407 And
463 366 487 407 I
502 367 606 407 have
622 365 793 419 brought
808 371 853 406 to
867 364 973 413 thee,

1164 360 1270 405 Give
1286 375 1408 414 every
1423 361 1549 416 flying
1563 361 1715 403 minute

404 418 535 461 Down
551 419 655 460 from
670 431 740 471 my
756 419 872 460 home
889 418 1026 466 above,

1219 415 1453 469 Something
1469 421 1511 456 to
1527 416 1632 468 keep
1646 415 1691 455 in
1707 418 1834 459 store;

349 472 555 514 Salvation
572 473 649 514 full
666 473 745 514 and
762 473 860 518 free,

1166 469 1306 518 Work,
1324 469 1387 510 for
1405 470 1473 510 the
1488 468 1605 521 night
1619 469 1655 509 is
1671 468 1839 521 coming,

402 526 479 578 My
496 526 647 579 pardon
663 526 743 567 and
760 525 837 577 My
852 525 957 568 love

1219 522 1351 563 When
1368 535 1460 563 man
1478 523 1610 563 works
1625 533 1679 562 no
1696 532 1818 562 more.

349 578 374 621 I
388 579 518 634 bring,
537 579 563 620 I
577 579 695 633 bring
704 579 792 621 rich
804 578 900 631 gifts
916 584 959 619 to
972 578 1077 626 thee,

1112 586 1137 626 3
1167 586 1308 635 Work,
1328 588 1391 627 for
1408 587 1478 627 the
1494 586 1612 640 night
1626 586 1662 626 is
1678 587 1846 639 coming,

350 633 475 674 What
489 634 580 674 hast
597 633 694 674 thou
712 633 884 686 brought
901 637 944 672 to
961 639 1029 672 me

1220 639 1361 681 Under
1377 640 1446 681 the
1461 646 1602 681 sunset
1615 639 1726 682 skies

1168 693 1300 734 While
1316 694 1421 734 their
1437 693 1572 747 bright
1587 693 1684 734 tints
1695 705 1765 734 are
1775 691 1891 746 glow-

330 728 440 787 No.
464 729 601 785 189.

1325 747 1405 800 ing,

297 834 320 873 1
349 831 480 874 Grace
493 833 507 873 !
531 833 597 873 'tis
613 844 639 873 a
655 830 861 885 charming
876 830 1014 878 sound,

1220 799 1360 848 Work,
1379 802 1443 841 for
1460 801 1529 841 the
1544 798 1727 853 daylight
1741 799 1838 840 flies.

1166 852 1307 900 Work,
1326 854 1387 893 till
1405 854 1475 894 the
1490 853 1570 894 last
1585 854 1700 894 beam
1716 852 1864 899 fadeth,

405 885 668 925 Harmonious
687 890 729 925 to
746 886 816 926 the
831 895 923 925 ear :

1219 906 1374 948 Fadeth
1391 913 1432 947 to
1448 906 1565 948 shine
1580 918 1634 948 no
1649 917 1786 952 more;

352 938 519 980 Heaven
545 939 642 979 with
668 938 738 979 the
763 937 862 979 echo
886 937 992 977 shall
1018 948 1076 977 re-

506 992 645 1041 sound,

1165 959 1306 1008 Work,
1325 959 1445 1001 while
1461 960 1531 1000 the
1546 959 1665 1014 night
1678 960 1715 1000 is
1724 960 1891 1000 darken-

405 1045 498 1086 And
514 1045 570 1086 all
587 1045 659 1086 the
673 1045 786 1085 earth
802 1043 906 1084 shall
923 1043 1030 1084 hear.

1322 1013 1403 1066 ing,

1219 1066 1349 1108 When
1366 1067 1493 1108 man's
1511 1067 1621 1107 work
1637 1066 1674 1107 is
1691 1066 1785 1106 o'er.

297 1122 323 1161 2
351 1120 482 1163 Grace
498 1121 586 1162 first
602 1122 805 1164 contrived
821 1120 892 1160 the
908 1132 996 1171 way

1147 1127 1257 1186 No.
1282 1129 1402 1186 191.

403 1175 466 1217 To
482 1187 578 1216 save
596 1174 806 1215 rebellious
823 1184 938 1216 man;

353 1228 448 1270 And
462 1228 519 1269 all
537 1229 606 1269 the
623 1234 732 1279 steps
748 1227 838 1267 that
861 1238 980 1279 grace
1004 1226 1079 1266 dis-

1115 1199 1135 1237 1
1153 1197 1268 1238 Thou
1280 1198 1376 1238 dear
1388 1197 1748 1250 Redeemer,dying
1754 1196 1893 1247 Lamb,

1220 1250 1246 1291 I
1261 1251 1353 1292 love
1367 1258 1411 1292 to
1428 1251 1524 1292 hear
1539 1252 1587 1292 of
1609 1250 1731 1295 Thee

511 1281 604 1333 play

406 1334 550 1376 Which
559 1336 668 1375 drew
678 1335 747 1374 the
759 1333 963 1374 wondrous
972 1332 1079 1385 plan.

1167 1304 1233 1345 No
1268 1306 1425 1346 music's
1458 1304 1543 1344 like
1569 1304 1664 1356 Thy
1693 1304 1895 1358 charming

1327 1369 1454 1405 name,

299 1411 325 1452 3
352 1411 484 1454 Grace
499 1411 567 1452 led
582 1423 651 1463 my
668 1410 812 1462 roving
830 1409 913 1450 feet

1223 1411 1310 1452 Nor
1326 1410 1414 1451 half
1434 1416 1480 1451 SO
1496 1418 1620 1452 sweet
1634 1423 1709 1451 can
1725 1411 1787 1452 be.

406 1464 468 1505 To
484 1465 597 1505 tread
614 1464 685 1504 the
702 1462 898 1513 heavenly
915 1461 1036 1506 road;

1118 1476 1145 1516 2
1170 1475 1221 1524 O,
1238 1475 1297 1516 let
1311 1488 1377 1516 me
1393 1487 1488 1516 ever
1503 1475 1601 1516 hear
1616 1475 1709 1528 Thy
1727 1475 1849 1525 voice,

353 1518 447 1560 And
480 1529 569 1559 new
594 1516 768 1570 supplies
810 1516 906 1556 each
933 1514 1036 1555 hour
1059 1513 1085 1556 I

1222 1528 1274 1569 In
1292 1541 1424 1581 mercy
1443 1535 1485 1570 to
1502 1541 1567 1569 me
1582 1529 1707 1580 speak
1722 1543 1736 1576 ;

512 1577 629 1620 meet,

1169 1583 1220 1622 In
1230 1581 1354 1631 Thee,
1369 1594 1435 1634 my
1450 1581 1594 1631 Priest,
1605 1582 1689 1623 will
1700 1583 1726 1622 I
1737 1582 1894 1634 rejoice,

407 1624 541 1666 While
556 1625 735 1678 pressing
753 1635 806 1663 on
823 1627 868 1663 to
888 1620 991 1663 God.

1222 1634 1340 1676 Thou
1357 1640 1473 1688 great
1484 1634 1760 1677 Melchisedec

302 1702 329 1742 4
354 1700 485 1743 Grace
500 1699 556 1741 all
574 1700 643 1740 the
661 1699 772 1740 work
786 1697 890 1738 shall
907 1708 1052 1746 crown,

1115 1698 1141 1740 3
1167 1699 1245 1751 My
1257 1699 1387 1748 Jesus,
1400 1698 1502 1739 shall
1515 1699 1567 1740 be
1577 1697 1662 1740 still
1672 1711 1739 1751 my
1753 1699 1894 1747 theme,

409 1753 599 1806 Through
618 1750 858 1802 everlasting
873 1751 978 1803 days

1225 1752 1359 1793 While
1375 1754 1417 1793 in
1435 1753 1504 1794 the
1522 1752 1646 1794 world
1661 1752 1687 1794 I
1701 1758 1794 1805 stay

355 1808 397 1848 It
425 1807 514 1861 lays
540 1808 584 1847 in
616 1806 774 1848 heaven
807 1806 876 1845 the
911 1809 1083 1856 topmost

1170 1805 1235 1846 I'll
1251 1807 1342 1859 sing
1357 1818 1425 1857 my
1441 1805 1574 1848 Jesus'
1589 1805 1725 1858 lovely
1741 1817 1869 1855 name,

512 1866 640 1908 stone,

1225 1858 1355 1900 When
1372 1859 1428 1899 all
1445 1858 1579 1913 things
1595 1858 1678 1901 else
1693 1859 1828 1912 decay.

409 1915 503 1955 And
521 1914 609 1954 well
625 1913 811 1954 deserves
828 1911 899 1952 the
914 1909 1055 1962 praise.

1118 1926 1146 1964 4
1172 1922 1302 1965 When
1322 1923 1344 1964 I
1360 1935 1508 1976 appear
1523 1924 1567 1964 in
1581 1922 1735 1976 yonder
1750 1922 1877 1972 cloud,

1226 1976 1339 2017 With
1356 1977 1412 2017 all
1429 1977 1498 2017 the
1514 1976 1678 2019 favored
1694 1976 1851 2030 throng,

337 2010 446 2069 No.
469 2010 609 2065 190.

1171 2028 1288 2071 Then
1332 2029 1414 2071 will
1448 2029 1474 2070 I
1506 2030 1597 2084 sing
1629 2041 1740 2071 more
1756 2035 1892 2078 sweet,

305 2116 326 2155 1
357 2112 498 2161 Work,
514 2112 579 2152 for
596 2111 665 2152 the
680 2109 797 2163 night
811 2109 848 2150 is
863 2107 1030 2162 coming,

1332 2095 1441 2124 more
1455 2082 1559 2131 loud,

411 2166 540 2207 Work
578 2164 749 2218 through
791 2162 861 2204 the
903 2162 1086 2214 morning

1226 2136 1321 2177 And
1339 2134 1475 2177 Christ
1489 2136 1592 2177 shall
1608 2137 1658 2176 be
1672 2148 1743 2188 my
1759 2146 1870 2189 song.

1446 2187 1540 2218 JOHN
1553 2187 1716 2222 CENNICK,
1729 2188 1802 2220 1745,
1809 2195 1838 2217 a.

514 2216 639 2261 hours

1155 2229 1264 2287 No.
1293 2229 1430 2286 192.

360 2273 498 2322 Work,
512 2271 630 2313 while
642 2271 712 2311 the
722 2269 809 2310 dew
821 2268 857 2308 is
868 2267 1084 2322 sparkling,

1465 2295 1499 2325 C.
1511 2295 1555 2324 M.

411 2326 538 2367 Work
554 2324 650 2365 'mid
665 2323 872 2376 springing
887 2322 1067 2366 flowers;

1122 2331 1143 2372 1
1173 2328 1266 2372 God
1282 2340 1418 2371 moves
1433 2328 1477 2369 in
1493 2340 1520 2369 a
1532 2328 1771 2381 mysterious
1796 2339 1897 2380 way,

361 2380 499 2429 Work,
543 2378 662 2419 when
704 2377 774 2417 the
825 2376 903 2427 day
955 2386 1088 2429 grows

1229 2383 1306 2423 His
1324 2382 1501 2425 wonders
1518 2386 1562 2422 to
1578 2381 1768 2433 perform :

516 2431 706 2485 brighter,

1174 2436 1242 2477 He
1254 2436 1386 2488 plants
1398 2434 1473 2475 His
1483 2434 1674 2486 footsteps
1685 2435 1728 2475 in
1738 2435 1808 2475 the
1819 2446 1897 2482 sea,

413 2485 540 2527 Work
556 2488 599 2526 in
616 2485 686 2525 the
702 2482 878 2537 glowing
894 2487 969 2524 sun
982 2495 995 2528 ;

1229 2489 1323 2531 And
1335 2489 1440 2530 rides
1456 2499 1563 2541 upon
1579 2488 1649 2529 the
1664 2492 1799 2529 storm.

364 2540 503 2588 Work,
522 2539 587 2580 for
603 2538 673 2579 the
690 2536 806 2589 night
822 2536 857 2575 is
873 2535 1042 2588 coming,

1122 2556 1149 2595 2
1174 2554 1238 2596 Ye
1264 2553 1409 2594 fearful
1434 2553 1569 2601 saints,
1596 2551 1706 2593 fresh
1733 2561 1901 2606 courage

413 2592 545 2633 When
563 2592 688 2632 man's
705 2590 817 2630 work
833 2589 868 2629 is
884 2588 999 2629 done.

1334 2607 1437 2649 take
1439 2622 1453 2652 ;

308 2671 335 2710 2
359 2669 501 2718 Work,
517 2669 582 2709 for
600 2667 668 2708 the
684 2664 801 2719 night
815 2664 851 2705 is
867 2664 1035 2718 coming,

1229 2659 1318 2701 The
1334 2659 1470 2701 clouds
1482 2671 1535 2711 ye
1551 2671 1596 2700 so
1614 2659 1730 2700 much
1746 2658 1865 2701 dread

415 2721 541 2762 Work
553 2720 728 2772 through
737 2719 807 2759 the
816 2726 945 2769 sunny
960 2728 1081 2761 noon :

1180 2715 1263 2755 Are
1278 2713 1348 2767 big
1373 2713 1469 2753 with
1505 2722 1652 2765 mercy,
1686 2713 1768 2754 and
1800 2712 1899 2752 shall

365 2775 444 2817 Fill
465 2773 659 2828 brightest
676 2772 797 2813 hours
814 2770 911 2811 with
927 2769 1052 2818 labor,

1337 2766 1459 2807 break

417 2828 518 2869 Rest
531 2837 663 2869 comes
678 2837 771 2866 sure
786 2824 866 2865 and
882 2835 990 2864 soon.

1231 2819 1346 2861 With
1363 2818 1537 2873 blessing
1551 2831 1605 2859 on
1621 2831 1724 2871 your
1739 2819 1851 2860 head.

1087 2905 1161 2943 150
