3223 2417
1346 302 1664 382 Responsive
1698 296 1931 361 Service.

2725 289 2759 347 5

569 445 615 479 R.
664 445 722 478 He
734 445 764 477 is
775 449 839 477 not
851 443 953 476 here:
972 441 1029 474 for
1040 440 1087 473 he
1099 440 1128 473 is
1141 439 1247 479 risen,
1264 449 1301 471 as
1315 436 1360 469 he
1371 435 1460 469 said.
1498 433 1620 472 Come,

1705 428 1833 462 Which
1846 427 1921 461 also
1933 425 2021 466 said,
2041 424 2095 458 Ye
2108 434 2188 456 men
2202 422 2244 455 of
2254 420 2402 462 Galilee,
2417 419 2499 462 why
2511 419 2617 453 stand
2630 428 2673 460 ye
2687 428 2763 461 gaz-

524 501 582 524 see
598 490 661 523 the
675 490 778 533 place
794 488 912 521 where
926 487 989 520 the
1006 485 1101 519 Lord
1116 483 1187 527 lay.

1658 476 1721 518 ing
1739 484 1787 518 up
1803 474 1881 506 into
1896 470 2060 504 heaven?
2082 469 2154 502 this
2169 477 2266 501 same
2279 467 2394 509 Jesus,
2411 464 2528 498 which
2544 465 2575 497 is
2591 463 2699 496 taken
2715 473 2763 506 up

1660 519 1750 553 from
1773 528 1845 561 you
1867 517 1944 549 into
1960 516 2105 555 heaven,
2123 512 2217 546 shall
2239 522 2279 545 SO
2295 520 2396 544 come
2411 510 2448 542 in
2471 508 2543 542 like
2562 517 2710 541 manner
2724 517 2762 540 as

567 555 727 600 Singing
760 560 788 576 "
796 554 874 588 The
888 553 998 587 Stone
1014 552 1044 585 is
1060 549 1190 584 Rolled
1206 548 1358 592 Away,"
1372 557 1409 591 p.
1431 553 1484 589 13.

1660 575 1704 608 ye
1720 563 1811 597 have
1826 572 1908 596 seen
1924 560 1999 593 him
2014 569 2063 604 go
2078 560 2157 592 into
2173 557 2324 593 heaven,

864 664 969 699 THE
994 661 1278 697 ASCENSION.

1957 649 2063 689 Phil,,
2081 660 2110 684 C,
2127 648 2196 687 iii,
2213 656 2247 683 v,
2268 654 2312 679 20
2327 644 2400 677 and
2412 651 2465 677 21.

926 733 1016 771 Acts,
1035 742 1063 764 C.
1080 734 1120 770 2.,
1137 739 1170 763 V.
1190 737 1223 771 3.

1705 719 1751 754 R.
1799 719 1905 752 From
1929 716 2078 751 whence
2099 714 2174 748 also
2196 723 2250 746 we
2271 711 2356 745 look
2379 710 2434 745 for
2456 710 2520 743 the
2542 708 2678 749 Savior,
2700 708 2762 742 the

1660 765 1758 799 Lord
1772 764 1876 806 Jesus
1891 761 2028 796 Christ :

572 804 614 838 L.
662 803 716 836 To
728 802 845 835 whom
858 801 933 834 also
947 798 993 843 [i.
999 809 1039 839 l.,
1055 797 1111 831 his
1123 794 1295 841 apostles]
1308 793 1366 828 He
1378 791 1523 827 showed
1536 791 1623 824 him-

1706 810 1800 843 Who
1814 808 1908 841 shall
1924 807 2061 849 change
2077 815 2143 838 our
2157 803 2228 837 vile
2244 801 2352 845 body,
2372 800 2450 834 that
2467 800 2498 833 it
2514 809 2595 841 may
2610 798 2656 831 be
2670 797 2763 831 fash-

524 849 596 883 self
607 848 700 882 alive
714 847 804 880 after
820 845 876 879 his
890 845 1032 887 passion
1048 842 1095 885 by
1111 851 1219 884 many
1230 838 1405 872 infallible
1420 836 1550 880 proofs,
1568 836 1624 869 be-

1659 854 1766 888 ioned
1779 853 1853 886 like
1865 858 1953 885 unto
1967 851 2022 884 his
2033 849 2189 893 glorious
2200 847 2307 890 body,
2323 845 2514 889 according
2528 849 2566 877 to
2578 843 2640 876 the
2652 842 2761 876 work-

526 894 589 937 ing
604 903 685 925 seen
703 891 747 925 of
758 891 854 924 them
871 889 964 932 forty
979 889 1079 929 days,
1099 886 1171 920 and
1187 884 1360 930 speaking
1374 883 1416 916 of
1427 882 1487 916 the
1504 881 1626 924 things

1660 900 1723 944 ing
1739 898 1906 941 whereby
1922 896 1968 929 he
1984 896 2014 928 is
2037 894 2117 927 able
2132 903 2222 926 even
2245 897 2283 924 to
2300 890 2438 924 subdue
2455 889 2506 923 all
2528 888 2652 932 things
2674 891 2763 921 unto

528 938 730 983 pertaining
745 941 783 969 to
799 935 862 968 the
876 933 1048 977 kingdom
1063 931 1105 964 of
1117 930 1210 964 God.

1660 943 1815 978 himself.

822 1011 927 1053 Luke,
945 1021 974 1044 C.
991 1010 1101 1050 xxiv.,
1119 1018 1152 1042 V.
1172 1014 1216 1052 50
1229 1011 1261 1041 to
1277 1012 1330 1050 52.

1964 984 2063 1024 Rev.,
2081 993 2110 1017 C.
2124 982 2188 1021 xi.,
2206 991 2239 1017 V.
2260 986 2300 1024 15
2315 980 2389 1013 and
2402 986 2456 1021 17.

573 1083 619 1116 R.
667 1081 752 1115 And
772 1081 818 1114 he
836 1079 895 1113 led
916 1078 1014 1112 them
1033 1082 1097 1111 out
1116 1087 1154 1109 as
1173 1074 1226 1109 far
1244 1085 1283 1107 as
1301 1079 1340 1107 to
1357 1070 1534 1116 Bethany,
1554 1069 1625 1103 and

1709 1056 1749 1091 L.
1799 1054 1885 1088 And
1907 1052 2010 1086 there
2026 1061 2119 1085 were
2138 1055 2240 1093 great
2255 1048 2373 1081 voices
2394 1048 2431 1080 in
2455 1046 2606 1088 heaven,
2622 1045 2761 1089 saying,

527 1129 574 1162 he
588 1126 691 1161 lifted
710 1137 758 1168 up
774 1126 831 1158 his
846 1124 974 1163 hands,
993 1122 1064 1155 and
1081 1120 1218 1154 blessed
1234 1119 1344 1152 them.

1661 1101 1740 1136 The
1760 1099 1953 1144 kingdoms
1975 1097 2018 1130 of
2034 1096 2108 1129 this
2125 1094 2237 1127 world
2261 1103 2319 1126 are
2337 1092 2481 1126 become
2498 1092 2561 1125 the
2574 1090 2765 1133 kingdoms

576 1172 616 1206 L.
666 1171 750 1204 And
769 1171 799 1203 it
817 1179 915 1202 came
933 1172 971 1201 to
991 1177 1084 1210 pass,
1102 1165 1208 1199 while
1226 1164 1274 1197 he
1291 1161 1429 1196 blessed
1449 1160 1559 1201 them,
1581 1159 1627 1192 he

1662 1147 1705 1180 of
1722 1155 1787 1179 our
1803 1145 1913 1185 Lord,
1932 1142 2004 1175 and
2019 1140 2061 1174 of
2080 1139 2136 1173 his
2152 1138 2289 1178 Christ,
2316 1137 2389 1170 and
2413 1136 2459 1169 he
2475 1136 2569 1169 shall
2585 1135 2685 1178 reign
2711 1134 2766 1167 for

529 1228 599 1251 was
615 1216 741 1260 parted
757 1214 846 1248 from
864 1213 974 1253 them,
993 1212 1064 1245 and
1081 1210 1215 1244 carried
1232 1219 1281 1252 up
1297 1209 1375 1242 into
1390 1206 1538 1241 heaven.

1662 1201 1745 1225 ever
1759 1191 1831 1224 and
1847 1198 1941 1223 ever.

574 1262 620 1295 R.
667 1260 750 1293 And
775 1259 859 1302 they
875 1255 1102 1301 worshipped
1124 1254 1212 1295 him,
1232 1253 1303 1287 and
1326 1251 1497 1285 returned
1517 1255 1556 1282 to
1567 1249 1628 1292 Je-

1709 1236 1779 1270 All.
1827 1234 1893 1267 We
1914 1233 1998 1276 give
2019 1230 2103 1264 thee
2127 1227 2270 1267 thanks,
2289 1227 2321 1260 O
2343 1225 2440 1259 Lord
2461 1224 2544 1259 God
2563 1223 2764 1267 Almighty,

528 1307 681 1340 rusalem
698 1304 786 1338 with
801 1308 902 1347 great
913 1302 989 1346 joy.

1663 1280 1781 1314 which
1804 1284 1871 1319 art,
1897 1277 1969 1311 and
1993 1281 2092 1316 wast,
2118 1273 2190 1307 and
2215 1277 2270 1306 art
2294 1275 2333 1304 to
2356 1280 2477 1309 come;
2505 1270 2655 1303 because
2679 1268 2767 1301 thou

1664 1325 1743 1359 hast
1759 1324 1865 1357 taken
1883 1328 1921 1356 to
1937 1322 2021 1355 thee
2036 1320 2101 1363 thy
2116 1321 2216 1362 great
2232 1325 2363 1360 power,
2383 1315 2454 1348 and
2472 1314 2552 1348 hast
2569 1313 2726 1358 reigned.

930 1380 1019 1420 Acts,
1037 1390 1066 1414 C.
1083 1381 1124 1419 i.,
1140 1387 1174 1413 V.
1191 1385 1225 1419 9.

1929 1411 2026 1453 Rev.,
2044 1420 2071 1443 C.
2089 1408 2165 1448 vii.,
2182 1417 2215 1442 V.
2233 1414 2267 1448 9,
2290 1412 2343 1446 IO,
2362 1404 2437 1437 and
2451 1411 2503 1438 12.

576 1450 619 1484 I..
668 1449 752 1482 And
764 1447 866 1481 when
878 1446 925 1479 he
938 1444 1009 1479 had
1021 1443 1159 1488 spoken
1172 1443 1270 1477 these
1282 1440 1415 1484 things,
1428 1440 1534 1472 while
1545 1437 1630 1480 they

532 1494 673 1535 beheld,
687 1494 734 1526 he
747 1503 818 1526 was
833 1491 941 1525 taken
960 1500 1027 1534 up;
1052 1489 1123 1522 and
1141 1500 1162 1522 a
1177 1487 1281 1521 cloud
1297 1484 1459 1519 received
1476 1483 1549 1516 him
1567 1488 1631 1515 out

1711 1480 1753 1514 L.
1802 1478 1897 1520 And,
1916 1478 1963 1517 lo,
1983 1488 2005 1511 a
2020 1481 2121 1520 great
2137 1472 2340 1515 multitude,
2359 1470 2480 1505 which
2496 1480 2543 1503 no
2559 1480 2641 1503 man
2659 1468 2768 1503 could

530 1538 574 1572 of
587 1539 680 1573 their
694 1538 803 1582 sight.

1666 1525 1828 1567 number,
1845 1524 1888 1557 of
1904 1523 1956 1556 all
1978 1522 2130 1561 nations,
2149 1519 2220 1552 and
2245 1517 2426 1560 kindreds,
2443 1515 2515 1549 and
2536 1514 2678 1557 people,
2697 1514 2767 1546 and

1667 1577 1830 1613 tongues,
1844 1568 1949 1602 stood
1965 1566 2086 1600 before
2103 1564 2165 1598 the
2182 1563 2319 1602 throne,
2335 1562 2406 1595 and
2425 1560 2544 1594 before
2561 1560 2623 1592 the
2636 1559 2765 1597 Lamb,

576 1605 733 1650 Singing
781 1602 937 1638 "Chime
952 1602 1023 1643 On,
1043 1600 1158 1635 Sweet
1175 1598 1307 1640 Bells,"
1323 1607 1360 1641 p.
1381 1604 1432 1630 I2.

1666 1614 1810 1649 clothed
1834 1613 1921 1646 with
1944 1611 2055 1645 white
2077 1609 2194 1649 robes,
2221 1608 2293 1641 and
2316 1606 2430 1649 palms
2453 1605 2491 1637 in
2515 1604 2611 1638 their
2632 1602 2768 1643 hands;

1667 1660 1738 1693 and
1762 1658 1857 1692 cried
1874 1657 1961 1691 with
1985 1667 2006 1689 a
2028 1654 2116 1688 loud
2137 1654 2250 1693 voice,
2272 1652 2411 1694 saying,
2438 1648 2620 1683 Salvation
2645 1652 2683 1681 to
2706 1656 2770 1680 our

747 1713 969 1750 CHRIST'S
992 1711 1188 1747 SECOND
1211 1708 1417 1744 COMING.

1667 1703 1749 1738 God
1761 1702 1880 1737 which
1894 1701 2016 1735 sitteth
2030 1709 2129 1742 upon
2145 1698 2207 1731 the
2220 1697 2358 1737 throne,
2374 1695 2445 1728 and
2460 1699 2548 1728 unto
2562 1693 2625 1726 the
2640 1691 2766 1725 Lamb.

1713 1749 1784 1783 All.
1831 1747 1969 1780 Amen :
2005 1742 2174 1787 Blessing,
2202 1742 2274 1775 and
2297 1740 2412 1784 glory,
2430 1739 2503 1773 and
2519 1737 2680 1778 wisdom,
2698 1736 2769 1770 and

850 1783 938 1823 Acts,
956 1792 984 1817 C.
1003 1782 1043 1821 i.,
1061 1790 1094 1817 V.
1116 1787 1159 1812 IO
1172 1778 1246 1811 and
1260 1785 1313 1814 II,

1668 1789 1935 1837 thanksgiving,
1962 1789 2035 1823 and
2060 1787 2186 1828 honor,
2216 1786 2288 1820 and
2315 1795 2446 1829 power,
2472 1783 2543 1817 and
2571 1782 2700 1827 might,
2726 1781 2771 1814 be

581 1851 621 1887 L.
671 1850 756 1884 And
768 1848 876 1883 while
886 1847 943 1882 his
955 1846 1116 1889 disciples
1130 1844 1262 1879 looked
1277 1840 1483 1885 steadfastly
1497 1838 1633 1873 toward

1669 1844 1758 1872 unto
1773 1847 1839 1870 our
1854 1835 1935 1869 God
1952 1834 2007 1867 for
2022 1843 2105 1867 ever
2120 1832 2192 1865 and
2207 1840 2301 1865 ever.
2351 1831 2474 1864 Amen.

534 1896 671 1930 heaven
688 1905 727 1929 as
743 1895 789 1927 he
805 1897 900 1931 went
917 1903 978 1936 up,
996 1890 1141 1932 behold,
1160 1894 1231 1923 two
1248 1898 1329 1921 men
1350 1886 1454 1920 stood
1472 1885 1518 1928 by
1535 1884 1633 1917 them

534 1942 572 1975 in
588 1940 695 1977 white
710 1938 870 1983 apparel;

1713 1925 1864 1971 Singing
1916 1922 2034 1968 "Sing
2051 1921 2126 1957 Out
2141 1932 2163 1955 a
2179 1919 2294 1964 Royal
2309 1917 2443 1964 Song,"
2460 1928 2498 1962 p.
2515 1924 2550 1960 9.

1619 1983 1687 2010 7039
