2221 3226
350 249 463 298 No.
488 249 614 296 157.
675 247 869 296 When
896 247 1002 295 the
1034 245 1203 294 Mists
1231 246 1389 293 have
1418 244 1655 294 cleared
1685 257 1884 302 away.

373 360 495 393 ANNE
516 359 720 393 HERBERT.

1493 355 1529 391 J.
1547 355 1597 390 H.
1618 357 1847 390 ANDERSON.

392 616 425 650 1.
452 616 570 650 When
580 616 645 649 the
652 615 757 649 mists
765 615 859 649 have
864 614 972 649 roll'd
983 615 1025 648 in
1045 615 1229 657 splen-dor
1243 615 1351 648 From
1374 614 1437 647 the
1445 614 1550 647 beau-
1566 615 1606 656 ty
1651 614 1694 647 of

1762 614 1827 646 the
1841 613 1937 656 hills,

390 673 424 705 2.
495 671 536 705 If
574 681 630 705 we
651 680 718 713 err,
774 671 817 704 in
859 671 912 704 hu
926 687 941 695 -
954 681 1041 703 man
1058 670 1255 712 blindness,
1268 670 1352 704 And
1375 670 1510 712 for-get
1550 670 1633 703 that
1646 678 1702 703 we
1767 679 1828 703 are
1842 670 1937 711 dust,

392 728 425 761 3.
451 728 570 761 When
579 727 642 761 the
650 727 754 761 mists
762 726 950 761 haveris'n
986 736 1020 760 a-
1035 726 1125 760 bove
1183 734 1238 768 us,
1265 726 1349 760 And
1370 735 1438 758 our
1448 725 1553 758 Fath-
1570 734 1609 758 er
1621 725 1749 759 knows
1762 725 1832 760 His
1846 734 1937 768 own,

461 1283 547 1317 And
560 1283 624 1317 the
632 1282 829 1324 sun-shine,
840 1290 951 1316 warm
959 1282 1030 1315 and
1041 1281 1225 1323 ten - der,
1120 1300 1134 1307 -
1239 1281 1339 1315 Falls
1366 1280 1406 1314 in
1422 1281 1497 1315 kiss
1511 1297 1527 1305 -
1549 1291 1587 1315 es
1638 1290 1684 1315 on
1740 1281 1805 1314 the
1827 1280 1915 1322 rills,

474 1338 516 1372 If
555 1339 705 1372 wemiss
739 1338 804 1371 the
823 1337 896 1371 law
958 1338 1001 1371 of
1024 1337 1213 1371 kind-ness
1223 1337 1341 1370 When
1354 1346 1409 1370 we
1422 1339 1535 1380 strug-
1546 1337 1604 1380 gle
1640 1340 1680 1370 to
1749 1337 1794 1370 be
1825 1337 1914 1379 just,

452 1394 546 1428 Face
568 1399 607 1427 to
620 1394 698 1427 face
720 1393 812 1427 with
823 1393 925 1427 those
938 1393 1021 1426 that
1033 1393 1115 1427 love
1158 1402 1214 1433 us,
1231 1393 1299 1426 We
1326 1391 1422 1426 shall
1432 1391 1539 1425 know
1548 1401 1590 1426 as
1633 1401 1689 1425 we
1730 1392 1939 1432 areknown,

459 1932 528 1965 We
547 1941 632 1974 may
640 1931 724 1965 read
735 1931 848 1966 love's
855 1930 1017 1975 shin-ing
1041 1930 1097 1965 let
1153 1932 1209 1964 ter

1273 1930 1321 1963 In

1380 1931 1443 1964 the
1453 1930 1631 1965 rain-bow
1662 1929 1706 1963 of
1742 1930 1807 1963 the
1819 1938 1940 1973 spray:

451 1987 566 2023 Snow-
577 1998 603 2030 y
619 1987 734 2031 wings
746 1987 789 2021 of
805 1996 912 2030 peace
931 1986 1025 2021 shall
1041 1996 1105 2021 COV
1119 2003 1135 2011 -
1160 1995 1199 2021 er
1258 1986 1319 2020 All
1373 1986 1437 2020 the
1447 1986 1548 2029 plain
1559 1985 1642 2019 that
1655 1985 1759 2020 hides

1778 1995 1802 2018 a

1818 2005 1829 2011 -

1846 1994 1937 2028 way,

451 2043 558 2085 Love,
568 2042 711 2086 beyond
737 2042 801 2076 the
842 2052 864 2075 o
880 2057 895 2066 -
922 2042 1019 2075 rient
1032 2041 1211 2076 meadows
1231 2041 1355 2076 Floats
1377 2042 1441 2077 the
1449 2041 1544 2085 gold-
1562 2051 1608 2075 en
1623 2041 1739 2084 fringe
1765 2041 1809 2074 of
1853 2041 1936 2084 day,

460 2583 527 2616 We
540 2583 634 2617 shall
640 2584 748 2617 know
757 2584 845 2618 each
855 2584 933 2618 oth-
948 2594 989 2618 er
1031 2585 1094 2618 bet
1114 2602 1130 2612 -
1151 2587 1207 2619 ter
1228 2585 1347 2619 When
1371 2585 1433 2619 the
1444 2586 1549 2619 mists
1557 2586 1649 2619 have
1658 2585 1790 2620 clear'd
1801 2595 1835 2618 a-
1844 2595 1938 2627 way.

461 2638 578 2673 When
585 2639 648 2673 the
657 2648 775 2682 weary
797 2640 917 2674 watch
953 2640 987 2675 is
1051 2650 1073 2674 o
1146 2650 1218 2683 ver,
1246 2641 1329 2676 And
1371 2642 1435 2675 the
1445 2642 1550 2675 mists
1557 2641 1650 2675 have
1659 2640 1791 2675 clear'd
1800 2651 1824 2674 a
1844 2649 1935 2683 way.

437 2694 554 2729 Heart
566 2697 605 2728 to
618 2695 723 2728 heart
736 2704 792 2728 we
820 2695 906 2730 bide
941 2695 1005 2730 the
1026 2696 1213 2737 shad-ows,
1256 2696 1333 2730 Till
1369 2697 1433 2730 the
1443 2696 1549 2730 mists
1556 2696 1648 2730 have
1658 2695 1796 2731 clear'd
1845 2705 1937 2738 way.

737 2952 903 2983 Copyrighted
911 2954 961 2979 and
971 2954 1031 2979 used
1040 2954 1073 2983 by
1082 2959 1135 2982 per.
1145 2954 1172 2977 S.
1182 2954 1345 2978 BRAINARD
1353 2955 1372 2979 S
1385 2954 1474 2980 SONS.

1085 2993 1170 3031 172
