2106 3270
199 220 307 273 No.
347 220 445 273 96.
516 217 700 272 We'll
733 218 814 271 Be
846 217 1148 273 Gathered
1185 218 1388 272 Home.

258 316 374 345 Words
386 317 432 351 by
444 318 650 345 ELIZABETH
660 318 784 345 MILLS.

1089 318 1200 347 Music
1211 319 1257 352 by
1269 319 1371 346 CHAS.
1386 319 1485 347 EDW.
1501 319 1670 347 POLLOCK.

291 543 320 567 I.
346 534 473 567 Sweet
485 531 578 566 land
593 534 637 566 of
643 536 734 574 rest,
751 532 812 567 for
823 533 914 568 thee
929 534 949 567 I
964 533 1065 578 sigh,
1081 534 1206 568 When
1221 533 1300 568 will
1309 534 1379 568 the
1391 537 1571 569 moment
1585 544 1706 576 come,

288 587 318 612 2.
342 578 405 611 No
448 577 621 620 tranquil
631 577 720 620 joys
736 587 787 611 on
804 578 915 611 earth
926 579 948 612 I
962 579 1088 621 know,
1104 580 1167 613 No
1183 578 1357 622 peaceful
1382 578 1588 623 shelt'ring
1603 579 1728 620 dome,

288 632 318 665 3.
343 621 401 656 To
441 623 489 663 Je
502 638 518 646 -
533 630 602 655 sus
617 621 749 655 Christ
763 622 784 655 I
813 621 889 656 fled
905 622 966 656 for
983 625 1073 664 rest,
1089 624 1153 656 He
1169 622 1265 656 bade
1281 632 1344 657 me
1360 633 1469 658 cease
1484 627 1526 657 to

1594 632 1713 664 roam,

285 675 318 708 4.
342 667 363 700 I
407 665 553 709 sought
568 668 607 699 at
622 675 718 699 once
733 674 800 708 my
815 666 1009 701 Saviour's
1025 667 1120 709 side,
1136 668 1198 701 No
1214 676 1323 701 more
1337 677 1403 711 my
1415 671 1522 711 steps
1533 668 1632 701 shall
1645 677 1772 707 roam :

287 1142 412 1176 When
472 1142 493 1175 I
536 1141 636 1176 shall
672 1143 735 1185 lay
779 1152 845 1185 my
891 1151 1033 1174 arm-or
1071 1143 1121 1186 by
1136 1142 1224 1177 And
1240 1141 1352 1176 dwell
1367 1141 1409 1175 in
1422 1151 1537 1185 peace
1547 1146 1587 1177 at
1600 1142 1740 1177 home?

286 1186 385 1220 This
412 1185 574 1220 world's
589 1196 612 1220 a
664 1188 729 1220 wil
742 1203 758 1213 -
773 1186 841 1220 der
850 1204 866 1213 -
879 1197 971 1221 ness
985 1187 1032 1220 of
1049 1197 1141 1229 woe,
1157 1187 1254 1222 This
1270 1186 1389 1221 world
1405 1187 1440 1220 is
1456 1189 1526 1221 not
1540 1197 1606 1231 my
1621 1188 1749 1222 home.

285 1230 374 1264 And
424 1230 513 1265 lean
558 1230 620 1264 for
680 1239 751 1266 suc
763 1249 779 1258 -
795 1240 840 1265 or
893 1241 944 1265 on
960 1231 1023 1265 his
1037 1231 1167 1266 breast
1182 1231 1259 1265 Till
1273 1232 1324 1265 he
1340 1230 1527 1265 conducts
1542 1241 1605 1265 me
1619 1232 1748 1266 home.

286 1274 395 1308 With
409 1273 492 1308 him
508 1275 529 1307 I
538 1274 576 1307 '11
590 1275 706 1309 brave
722 1275 869 1310 death's
885 1275 1047 1318 chilling
1056 1275 1147 1316 tide,
1160 1276 1246 1310 And
1257 1276 1371 1309 reach
1380 1285 1446 1317 my
1458 1275 1630 1320 heav'nly
1642 1276 1770 1311 home.

286 1547 469 1582 CHORUS.

286 1773 355 1806 We

414 1771 493 1806 will

522 1772 628 1807 work

666 1771 729 1805 till

789 1772 855 1806 the
871 1781 956 1807 com
967 1791 979 1798 -
990 1771 1061 1816 ing
1114 1773 1160 1806 of
1214 1773 1283 1808 the
1325 1773 1401 1809 Sav
1417 1792 1433 1801 -
1446 1774 1546 1814 iour,
1562 1775 1632 1809 We
1646 1774 1723 1809 will

284 2225 389 2258 work

466 2223 527 2257 till

596 2224 664 2258 the

708 2232 795 2258 com
810 2243 825 2251 -
847 2223 919 2268 ing

1007 2224 1053 2257 of

1129 2225 1197 2259 the

1287 2226 1362 2261 Sav
1385 2243 1401 2252 -
1416 2225 1515 2268 iour,
1538 2228 1607 2262 We
1621 2227 1700 2262 will

281 2731 387 2765 work
403 2729 464 2764 till
478 2731 547 2766 the
561 2730 719 2776 coming
749 2731 795 2765 of
834 2732 901 2766 the
931 2732 983 2766 Sa
996 2749 1013 2758 -
1022 2732 1134 2767 viour
1150 2732 1237 2768 And
1252 2733 1346 2768 then
1376 2733 1425 2767 be
1439 2733 1625 2777 gathered
1636 2734 1762 2771 home.

248 2967 296 3000 By
316 2965 529 3001 permission.
