2312 3315
856 435 1107 501 "Peace,
1143 436 1235 493 Be
1272 434 1459 497 Still."

1958 436 2059 497 73

953 544 1145 592 Funeral
1164 545 1335 603 Hymn.

1662 546 1700 583 J.
1717 546 1770 583 H.
1786 547 1966 584 TENNEY.

386 622 459 670 pp

1642 632 1726 659 cres.

335 831 369 867 1.
393 831 521 873 Peace,
552 833 599 867 be
640 831 732 868 still!
774 831 903 876 Peace,
963 833 1011 868 be
1095 832 1187 869 still!

1332 832 1380 868 In
1422 833 1499 869 this
1512 832 1619 879 night
1647 833 1690 869 of
1731 842 1793 869 sor
1815 851 1826 859 N
1841 842 1920 869 row
1935 834 2035 874 bow;

331 1100 367 1136 2.
392 1099 494 1136 Hold
536 1101 621 1136 thee
640 1100 731 1137 still!
774 1100 877 1137 Hold
948 1102 1032 1137 thee
1096 1102 1188 1137 still!

1318 1101 1413 1138 Tho'
1428 1103 1491 1137 the
1537 1102 1685 1138 Fa-ther
1693 1110 1857 1147 scourge
1861 1104 1944 1138 thee
1955 1110 2050 1144 sore,

382 1168 458 1216 pp

1638 1181 1722 1206 cres.

330 1384 366 1420 3.
389 1383 500 1427 Lord,
546 1395 613 1430 my
634 1385 731 1422 God!
774 1385 883 1429 Lord,
955 1396 1020 1430 my
1087 1385 1186 1423 God!

1315 1385 1409 1422 Give
1422 1396 1482 1422 me
1503 1396 1611 1432 grace
1623 1387 1705 1423 that

1746 1386 1768 1422 I

1839 1396 1926 1430 may
1947 1388 1994 1423 be

329 1451 365 1487 4.
390 1450 504 1495 Shep-
514 1451 606 1488 herd
620 1452 735 1488 mine!
774 1451 873 1496 Shep
903 1469 916 1477 -
944 1451 1035 1488 herd
1078 1452 1193 1488 mine!

1302 1452 1416 1488 From
1430 1453 1497 1497 thy
1513 1452 1588 1488 full
1603 1472 1616 1479 -
1629 1462 1711 1488 ness
1725 1453 1810 1498 give
1858 1462 1919 1489 me
1954 1452 2030 1489 still

453 1859 537 1887 cres.

1796 1848 1881 1887 dim.
1907 1850 1977 1899 pp

464 2098 531 2133 my
540 2091 654 2131 heart,
665 2088 821 2126 contend
835 2093 901 2124 not
911 2089 1018 2124 thou!
1025 2089 1100 2124 What
1111 2090 1164 2124 be-
1170 2089 1258 2124 falls
1273 2089 1305 2123 is
1320 2088 1432 2125 God's
1447 2099 1531 2124 own
1540 2089 1630 2130 will,
1649 2088 1779 2131 Peace,
1796 2090 1842 2124 be
1868 2088 1961 2125 still!

330 2374 441 2420 Cling
453 2375 543 2410 thou
579 2378 619 2409 to
640 2373 731 2409 Him
751 2373 803 2409 all
823 2374 886 2409 the
900 2373 1083 2413 more;Let
1094 2373 1183 2408 Him
1190 2373 1345 2417 mercy's
1351 2373 1456 2409 work
1467 2372 1605 2415 ful-fill,
1643 2371 1745 2409 Hold
1765 2373 1850 2409 thee
1868 2372 1960 2409 still!

452 2452 534 2478 cres.

1793 2439 1881 2477 dim.
1904 2440 1974 2489 pp

349 2639 435 2683 Thy
448 2642 530 2675 true
539 2637 652 2679 child,
668 2638 741 2673 and
761 2637 794 2673 si
814 2636 966 2682 -lent-ly
991 2637 1086 2673 Own
1094 2637 1180 2683 Thy
1194 2642 1334 2683 scepter
1344 2637 1419 2675 and
1439 2638 1525 2685 Thy
1539 2638 1619 2682 rod,
1635 2637 1747 2682 Lord,
1771 2648 1837 2684 my
1859 2636 1956 2674 God!

328 2705 438 2742 Faith
472 2709 511 2741 to
569 2706 619 2742 do
669 2705 742 2741 and
754 2706 841 2741 bear
846 2704 901 2750 Thy
910 2704 1001 2747 will,
1024 2704 1100 2740 Till
1111 2705 1173 2740 the
1201 2705 1331 2751 morn-ing
1337 2704 1534 2751 lightshall
1542 2706 1662 2745 shine;
1660 2704 1862 2750 Shepherd,
1869 2705 1980 2740 mine!
