2263 3344
246 274 351 340 No.
372 276 441 340 91

680 275 965 341 BEYOND
998 277 1140 340 THE
1168 278 1451 341 SUNSET.

335 403 560 439 JOSEPHINE
573 404 772 439 POLLARD.

1321 402 1379 438 W.
1395 403 1438 437 O.
1456 403 1647 447 PERKINS,
1666 404 1714 448 by
1730 413 1802 448 per.

466 459 578 493 DUET
591 467 643 493 or
658 458 939 495 SEMI-CHORUS.

409 665 430 699 1

476 664 526 699 Be
537 682 552 690 -
562 664 659 707 yond
682 664 746 697 the
754 664 915 698 sunset's
925 663 1071 698 radiant
1083 664 1186 708 glow,
1192 664 1307 698 There
1313 665 1346 698 is
1399 674 1423 698 a
1434 664 1592 707 brighter
1603 664 1727 707 world,
1730 665 1752 700 I
1758 665 1879 707 know,

408 721 432 753 2
475 718 528 754 Be
537 738 550 745 -
564 719 661 763 yond
684 720 747 752 the
757 719 914 753 sunset's
922 719 1066 762 pur-ple
1094 719 1174 761 rim,
1205 718 1353 762 Beyond
1363 719 1425 753 the
1438 718 1598 763 twilight
1605 720 1695 763 deep
1703 720 1775 755 and
1787 720 1875 762 dim,

407 777 430 810 3
474 776 525 809 Be
533 791 548 798 -
558 775 658 819 yond
672 775 748 809 this
761 775 895 809 des-ert
902 775 993 808 dark
1002 775 1075 809 and
1086 776 1200 817 drear,
1205 775 1282 809 The
1288 775 1433 818 gold-en
1465 775 1517 808 cit
1525 790 1540 798 -
1556 780 1580 819 y
1614 775 1690 811 will
1712 785 1867 821 ap-pear,

404 833 429 866 4
454 832 569 865 Those
575 831 660 871 gold
671 848 686 857 -
697 841 741 864 en
768 830 903 874 portals
932 839 976 863 ev
986 848 1002 857 -
1013 841 1052 863 er
1089 830 1194 864 shine
1209 829 1355 873 Beyond
1369 831 1432 864 the
1440 831 1541 865 reach
1550 831 1590 864 of
1597 831 1700 875 day's
1711 831 1873 874 de-cline,

402 1370 531 1405 Where
540 1369 684 1413 gold-en
712 1369 856 1412 glo-ries
888 1377 1007 1404 ev-er
1039 1369 1153 1410 shine,
1170 1369 1317 1412 Beyond
1331 1369 1394 1403 the
1404 1369 1561 1412 thought
1570 1370 1611 1403 of
1617 1369 1721 1412 day's
1729 1369 1876 1404 decline.

375 1424 504 1459 Where
512 1425 636 1459 clouds
645 1425 716 1458 and
724 1426 1013 1459 darknessnever
1040 1434 1151 1466 come,
1165 1424 1231 1467 My
1253 1424 1332 1458 soul
1343 1423 1438 1458 shall
1447 1423 1523 1457 find
1532 1424 1581 1458 its
1588 1423 1759 1467 heavenly
1769 1424 1883 1458 home.

415 1481 498 1515 And
511 1481 693 1523 morning"
693 1489 710 1513 S
706 1479 837 1522 slovely
843 1480 968 1514 beams
974 1488 999 1514 a
1014 1498 1028 1506 -
1040 1479 1114 1514 rise
1170 1480 1227 1522 Up
1248 1496 1262 1503 -
1286 1489 1333 1514 on
1376 1488 1441 1522 my
1453 1480 1615 1513 mansion
1627 1480 1667 1513 in
1690 1480 1753 1514 the
1762 1480 1867 1515 skies.

410 1536 493 1570 And
551 1536 599 1570 Je
608 1553 624 1561 -
632 1544 695 1569 sus
705 1534 787 1569 bids
797 1544 861 1578 my
872 1535 952 1569 soul
959 1545 1030 1578 pre-
1041 1545 1126 1579 pare
1164 1535 1218 1570 To
1273 1536 1358 1580 gain
1395 1545 1419 1569 a
1449 1535 1583 1578 hap-py
1599 1537 1766 1569 entrance
1773 1535 1882 1570 there.

430 1916 540 1950 FULL
552 1915 720 1951 CHORUS.

404 2119 548 2162 Beyond
555 2119 618 2153 the
626 2120 784 2154 sunset's
791 2119 938 2153 radiant
947 2119 1050 2162 glow,

1213 2118 1328 2152 There
1350 2118 1383 2151 is
1403 2126 1427 2151 a
1437 2116 1598 2161 brighter
1605 2116 1717 2151 world
1727 2116 1751 2151 I
1758 2117 1884 2157 know;

1011 2175 1159 2209 radiant
1165 2174 1271 2218 glow,

1686 2564 1811 2606 Repeat
1821 2574 1878 2608 pp.

420 2772 474 2807 Be
482 2789 499 2799 -
507 2772 606 2816 yond
627 2773 693 2806 the
705 2773 855 2815 sun-set,
891 2772 916 2806 I
934 2781 1021 2815 may
1031 2771 1144 2815 spend
1162 2769 1395 2814 De-light-ful
1401 2770 1493 2814 days
1500 2769 1583 2803 that
1588 2778 1699 2803 never
1730 2769 1811 2802 end.

1010 3035 1095 3070 109
