2841 2236
809 177 953 231 The
993 177 1275 242 Angels'
1317 176 1549 241 Story.
1614 175 2023 231 Concluded.

377 456 476 492 Seek
489 456 586 492 Him
597 459 669 492 not
687 466 843 501 a-mong
856 458 924 493 the
939 457 1078 493 dead!"
1100 457 1209 501 They
1219 457 1359 493 beheld
1368 457 1436 493 the
1446 462 1592 502 emp-ty
1628 458 1778 502 prison;
1795 457 1920 493 Death
1931 457 1973 493 in
1983 457 2117 493 chains
2125 466 2203 493 was
2228 457 2378 500 captive
2399 456 2473 492 led.

377 500 444 544 Lo,
491 501 554 536 He
570 510 661 546 goes
681 504 723 536 to
738 502 850 537 dwell
865 512 916 538 on
950 500 1061 545 high;
1085 502 1250 546 Seraphs
1260 502 1380 543 there,
1392 503 1519 538 before
1531 502 1625 537 Him
1637 503 1816 547 bending,
1826 501 1954 537 Chant
1962 501 2037 537 His
2048 503 2189 545 praises
2233 502 2275 536 in
2307 501 2377 536 the
2397 500 2480 544 sky.

380 546 466 581 Fair
474 562 489 572 -
498 548 557 581 est
595 546 635 580 of
665 547 736 581 the
748 545 938 590 heavenly
953 547 1068 586 train;
1089 546 1187 582 Ours
1197 547 1266 582 the
1277 547 1346 591 joy
1368 549 1409 581 to
1426 547 1516 582 wait
1540 546 1684 582 be-fore
1698 546 1815 589 Thee,
1827 546 1901 581 Till
1923 556 1981 581 we
2006 547 2082 581 rise
2099 545 2194 580 with
2208 545 2314 582 Thee
2327 547 2369 580 to
2385 546 2504 590 reign.

280 874 378 925 111

811 873 996 927 Once
1038 873 1144 926 for
1186 875 1297 926 All
1338 875 1461 927 the
1503 874 1807 928 Saviour
1843 874 2032 928 Died.

382 936 464 967 Rev.
482 936 514 966 J.
535 937 582 966 H.
599 937 765 967 MARTIN.

2225 938 2262 968 T.
2281 937 2315 967 C.
2334 937 2497 967 O'KANE.

2101 971 2120 998 3

324 1153 353 1181 1.

419 1151 507 1181 Once
516 1151 567 1180 for
576 1151 623 1180 all
632 1151 690 1180 the
699 1152 835 1181 Saviour
844 1151 930 1185 died,
943 1152 1051 1181 Christ
1060 1151 1117 1180 the
1127 1151 1212 1180 Lord
1220 1159 1288 1181 was
1297 1152 1462 1183 crucified;
1478 1153 1566 1182 Once
1576 1153 1627 1182 for
1636 1153 1682 1182 all
1694 1153 1738 1182 he
1747 1153 1827 1182 shed
1839 1153 1891 1182 his
1901 1153 2009 1186 blood,
2021 1153 2158 1187 Bearing
2169 1152 2256 1182 forth
2267 1159 2289 1181 a
2301 1152 2419 1187 purple
2434 1151 2531 1181 flood.

324 1186 350 1213 2.
369 1185 457 1214 Once
468 1184 519 1214 for
530 1185 576 1213 all
587 1191 649 1213 our
658 1186 727 1214 sins
736 1185 780 1213 he
790 1185 875 1217 bore,
890 1185 1020 1219 Bought
1029 1191 1091 1213 our
1100 1192 1197 1220 peace
1206 1185 1256 1214 for
1262 1191 1437 1216 evermore;
1456 1186 1542 1215 Once
1550 1186 1601 1215 for
1605 1186 1650 1215 all
1659 1192 1721 1215 our
1728 1186 1805 1215 debt
1812 1187 1855 1215 he
1863 1187 1949 1221 paid,
1961 1186 2048 1220 Full,
2059 1187 2217 1220 complete
2227 1187 2417 1214 atonement
2427 1185 2532 1214 made.

324 1219 353 1246 3.
371 1218 457 1247 Once
467 1218 517 1246 for
526 1218 573 1246 all
581 1218 638 1246 the
648 1218 783 1246 Saviour
792 1224 871 1252 rose,
882 1218 991 1247 Victor
1001 1219 1068 1247 o'er
1077 1218 1131 1247 his
1140 1219 1266 1253 mighty
1277 1219 1360 1252 foes;
1371 1218 1457 1247 With
1468 1218 1525 1247 the
1535 1219 1680 1253 glorious
1689 1220 1777 1254 King
1787 1220 1854 1248 and
1866 1220 1967 1252 Head,
1975 1220 2082 1248 Saints
2090 1219 2177 1247 shall
2184 1219 2298 1247 waken
2310 1219 2394 1247 from
2407 1218 2464 1246 the
2472 1217 2563 1246 dead.

324 1252 352 1280 4.
370 1251 457 1280 Once
466 1251 517 1279 for
526 1251 573 1279 all
582 1251 756 1286 ascending
774 1251 865 1286 high,
890 1251 1035 1280 Thron'd
1046 1251 1112 1280 and
1124 1252 1265 1280 crown'd
1276 1252 1378 1281 above
1387 1251 1444 1280 the
1454 1252 1523 1286 sky,
1539 1253 1643 1282 There
1656 1253 1700 1281 he
1710 1253 1888 1282 intercedes
1897 1253 1965 1281 and
1976 1252 2087 1287 reigns-
2084 1265 2115 1274 -
2116 1252 2222 1281 Praise
2233 1251 2304 1280 him
2314 1253 2352 1280 in
2362 1252 2569 1285 triumphant

2369 1285 2495 1312 strains.

2089 1318 2108 1344 3

465 1509 704 1540 REFRAIN.

2031 1533 2051 1558 3

390 1735 427 1769 o,
439 1735 565 1765 believe
574 1735 646 1764 him
656 1735 723 1765 and
734 1736 776 1765 be
785 1735 879 1766 blest!
898 1736 933 1769 o,
945 1736 1070 1766 receive
1079 1736 1151 1765 him
1161 1736 1228 1766 and
1239 1736 1308 1766 find
1320 1738 1396 1766 rest!
1412 1737 1466 1766 All
1472 1742 1555 1771 your
1561 1738 1630 1766 sins
1638 1737 1723 1767 shall
1731 1738 1773 1766 be
1781 1737 1935 1773 forgiven,
1945 1737 2019 1766 You
2029 1737 2112 1766 shall
2120 1737 2209 1772 reign
2219 1737 2297 1766 with
2307 1736 2377 1765 him
2386 1736 2422 1765 in
2429 1736 2566 1765 heaven.

2033 1814 2054 1841 3

384 1971 571 2004 Copyright,
586 1973 656 2003 1881,
666 1972 708 2004 by
720 1972 755 1999 T.
767 1972 799 2000 C.
812 1973 964 2000 O'KANE.

1403 1974 1469 2004 113

367 2011 391 2041 8
