2059 3249
534 225 777 310 Seeking
811 226 914 291 the
946 225 1099 291 Lost.
1169 224 1496 292 Concluded.

519 614 710 660 Bringing
738 615 807 649 the
823 624 906 650 wan
921 632 938 642 -
952 614 1053 649 d'rer
1075 615 1173 650 back
1189 625 1211 650 a
1232 632 1248 640 -
1271 617 1375 660 gain,
1391 616 1490 653 back
1550 627 1574 651 a
1587 636 1601 643 -
1618 617 1710 662 gain

454 671 537 694 wan

951 659 1053 694 d'rer
1075 660 1173 695 back
1190 670 1212 694 a
1233 677 1249 686 -
1272 662 1362 705 gain

1409 1203 1432 1223 S

719 1268 810 1302 Into
825 1266 894 1302 the
909 1265 992 1301 fold

1245 1266 1291 1301 of
1300 1277 1367 1311 my
1389 1266 1613 1308 Redeemer,

457 1312 547 1346 Into
563 1311 631 1347 the
647 1311 730 1346 fold

953 1311 1000 1346 of
1009 1322 1076 1355 my
1090 1311 1265 1346 Redeem

1413 1321 1465 1354 er,

1593 1314 1720 1356 Jesus,
1733 1313 1800 1346 the

510 1980 556 2022 Je
572 1997 588 2005 -
602 1986 683 2019 sus,
698 1979 767 2014 the
782 1978 904 2013 Lamb
928 1977 988 2013 for
1020 1979 1083 2013 sin
1097 1997 1113 2006 -
1128 1989 1218 2014 ners
1233 1978 1346 2021 slain,
1361 1978 1424 2013 for
1439 1978 1503 2013 sin
1518 1996 1532 2004 -
1549 1987 1642 2015 ners
1656 1979 1767 2014 slain.

434 2024 560 2063 Lamb

923 2022 985 2057 for
1015 2024 1078 2058 sin
1093 2041 1109 2049 -
1124 2033 1215 2058 ners
1231 2023 1330 2057 slain

502 2424 602 2487 No.
638 2424 728 2487 50.
800 2424 987 2488 Sweet
1023 2426 1180 2487 Hour
1213 2423 1275 2487 of
1300 2426 1531 2505 Prayer.

207 2546 226 2582 1
249 2546 376 2581 Sweet
391 2546 492 2580 hour
502 2545 549 2579 of
552 2554 699 2590 prayer,
711 2549 830 2580 sweet
840 2545 941 2579 hour
949 2545 994 2579 of
1020 2546 1044 2579 2
1065 2546 1193 2580 Sweet
1206 2546 1308 2580 hour
1322 2546 1368 2580 of
1378 2554 1527 2590 prayer,
1543 2549 1662 2581 sweet
1675 2546 1778 2581 hour
1792 2546 1838 2581 of

338 2610 486 2646 prayer,

1150 2610 1296 2646 prayer,

250 2656 352 2691 That
366 2656 461 2691 calls
476 2666 540 2691 me
555 2656 656 2690 from
671 2666 695 2689 a
710 2655 831 2691 world
848 2655 894 2691 of
904 2666 1000 2698 care,

1061 2656 1148 2700 Thy
1162 2656 1288 2700 wings
1303 2656 1405 2691 shall
1420 2667 1486 2700 my
1500 2656 1671 2701 petition
1688 2657 1779 2692 bear

250 2710 337 2745 And
353 2710 440 2745 bids
455 2721 519 2745 me
535 2716 576 2745 at
591 2721 658 2755 my
671 2710 850 2746 Father's
864 2710 1017 2751 throne,

1062 2711 1119 2745 To
1131 2710 1214 2745 him
1225 2711 1357 2746 whose
1367 2712 1477 2746 truth
1489 2711 1565 2746 and
1580 2711 1830 2747 faithfulness

250 2767 364 2801 Make
377 2765 428 2802 all
440 2777 505 2811 my
517 2770 642 2801 wants
655 2765 731 2800 and
743 2766 883 2801 wishes
895 2765 1016 2800 known.

1062 2768 1224 2811 Engage
1239 2766 1309 2801 the
1324 2767 1486 2812 waiting
1500 2767 1588 2802 soul
1604 2770 1647 2801 to
1664 2767 1785 2807 bless;

248 2824 296 2858 In
312 2832 473 2858 seasons
488 2822 534 2857 of
545 2822 708 2857 distress
725 2821 801 2857 and
818 2821 929 2867 grief,

1063 2822 1150 2857 And
1166 2823 1275 2858 since
1291 2823 1342 2858 he
1358 2822 1447 2858 bids
1463 2833 1526 2858 me
1542 2824 1634 2858 seek
1648 2823 1712 2858 his
1724 2824 1815 2865 face,

251 2878 315 2923 My
332 2878 420 2913 soul
435 2878 507 2913 has
524 2879 632 2914 often
648 2876 772 2912 found
788 2876 910 2920 relief,

1062 2877 1215 2914 Believe
1228 2878 1290 2913 his
1303 2879 1420 2919 word,
1432 2879 1507 2913 and
1518 2881 1622 2914 trust
1632 2878 1695 2914 his
1705 2890 1829 2924 grace,

248 2933 335 2968 And
349 2934 407 2968 oft
421 2934 584 2978 escaped
597 2934 664 2968 the
676 2935 875 2978 tempter's
892 2943 1016 2975 snare,

1060 2935 1120 2968 I'll
1137 2937 1218 2968 cast
1233 2944 1284 2968 on
1300 2934 1385 2969 him
1400 2944 1467 2978 my
1482 2944 1597 2978 every
1613 2944 1709 2977 care,

249 2990 305 3034 By
317 2989 386 3034 thy
399 2993 544 3031 return,
557 2992 677 3025 sweet
687 2988 788 3023 hour
799 2988 845 3024 of
854 2998 1002 3034 prayer.

1061 2989 1149 3023 And
1164 2988 1255 3023 wait
1270 2988 1332 3023 for
1347 2989 1451 3031 thee,
1465 2992 1583 3025 sweet
1593 2989 1666 3023 hour
1675 2989 1709 3023 of
1715 3000 1831 3034 prayer.
