<?xml version="1.0" encoding="UTF-8"?>
<pc:PcGts xmlns:pc="http://schema.primaresearch.org/PAGE/gts/pagecontent/2019-07-15" xmlns:xsi="http://www.w3.org/2001/XMLSchema-instance" xsi:schemaLocation="http://schema.primaresearch.org/PAGE/gts/pagecontent/2019-07-15 http://schema.primaresearch.org/PAGE/gts/pagecontent/2019-07-15/pagecontent.xsd">
    <pc:Metadata>
        <pc:Creator>OCR-D/core 2.50.0</pc:Creator>
        <pc:Created>2023-05-03T15:38:33.435374</pc:Created>
        <pc:LastChange>2023-05-03T15:38:33.435374</pc:LastChange>
    </pc:Metadata>
    <pc:Page imageFilename="google-ocr-testbed/images/1891-Servic-EMU-0069.jpg" imageWidth="3144" imageHeight="3247">
        <pc:TextRegion id="region-8f7339aa-90f7-4565-8d3a-003ab24a18da">
            <pc:Coords points="65,68 3070,68 3062,3178 63,3181"/>
            <pc:TextLine id="line-5eae4b87-7eac-4f0c-8e20-84dcc80a5fef">
                <pc:Coords points="1241,322 1968,322 1968,360 1241,360"/>
                <pc:Word id="word-16a8c48a-63a9-43b8-afbc-a6de1ade3a0a">
                    <pc:Coords points="1241,322 1366,322 1366,357 1241,357"/>
                    <pc:TextEquiv>
                        <pc:Unicode>THE</pc:Unicode>
                    </pc:TextEquiv>
                </pc:Word>
                <pc:Word id="word-40e0c9ca-2285-4374-85eb-5a73f3746cc6">
                    <pc:Coords points="1393,322 1628,322 1628,358 1393,358"/>
                    <pc:TextEquiv>
                        <pc:Unicode>PRAISE</pc:Unicode>
                    </pc:TextEquiv>
                </pc:Word>
                <pc:Word id="word-febec639-4b62-4dc1-87b8-8774b2de2509">
                    <pc:Coords points="1658,323 1737,323 1737,358 1658,358"/>
                    <pc:TextEquiv>
                        <pc:Unicode>OF</pc:Unicode>
                    </pc:TextEquiv>
                </pc:Word>
                <pc:Word id="word-27d40706-2496-45a7-b5af-1d5232d31abf">
                    <pc:Coords points="1757,323 1968,323 1968,360 1757,360"/>
                    <pc:TextEquiv>
                        <pc:Unicode>FAITH.</pc:Unicode>
                    </pc:TextEquiv>
                </pc:Word>
                <pc:TextEquiv>
                    <pc:Unicode>THE PRAISE OF FAITH.</pc:Unicode>
                </pc:TextEquiv>
            </pc:TextLine>
            <pc:TextLine id="line-7a8e6d35-d362-4089-bc93-a875d1cdafd4">
                <pc:Coords points="2743,329 2787,329 2787,363 2743,363"/>
                <pc:Word id="word-edbdc9ed-5b4d-4c1f-a6fa-c4bddd665418">
                    <pc:Coords points="2743,329 2787,329 2787,363 2743,363"/>
                    <pc:TextEquiv>
                        <pc:Unicode>65</pc:Unicode>
                    </pc:TextEquiv>
                </pc:Word>
                <pc:TextEquiv>
                    <pc:Unicode>65</pc:Unicode>
                </pc:TextEquiv>
            </pc:TextLine>
            <pc:TextLine id="line-8d1ac7e9-44b7-47a9-94f2-723bff16b00a">
                <pc:Coords points="468,370 1112,370 1112,414 468,414"/>
                <pc:Word id="word-7b313cb6-65d3-43d4-b7f8-0d490a97da20">
                    <pc:Coords points="468,370 640,370 640,412 468,412"/>
                    <pc:TextEquiv>
                        <pc:Unicode>DUKE</pc:Unicode>
                    </pc:TextEquiv>
                </pc:Word>
                <pc:Word id="word-2158e4b1-c1b1-465a-989d-16c079c6e4a6">
                    <pc:Coords points="677,372 930,371 930,413 677,413"/>
                    <pc:TextEquiv>
                        <pc:Unicode>STREET.</pc:Unicode>
                    </pc:TextEquiv>
                </pc:Word>
                <pc:Word id="word-647b0fa6-cb34-4888-bb65-b12452438c0f">
                    <pc:Coords points="977,372 1112,372 1112,414 977,414"/>
                    <pc:TextEquiv>
                        <pc:Unicode>L.M.</pc:Unicode>
                    </pc:TextEquiv>
                </pc:Word>
                <pc:TextEquiv>
                    <pc:Unicode>DUKE STREET. L.M.</pc:Unicode>
                </pc:TextEquiv>
            </pc:TextLine>
            <pc:TextLine id="line-21044196-a487-41c9-8a23-c7584184500a">
                <pc:Coords points="2505,385 2717,385 2717,420 2505,420"/>
                <pc:Word id="word-51b1590e-e9d0-4dea-bdfb-6b69e0a73415">
                    <pc:Coords points="2505,385 2542,385 2541,419 2505,419"/>
                    <pc:TextEquiv>
                        <pc:Unicode>J.</pc:Unicode>
                    </pc:TextEquiv>
                </pc:Word>
                <pc:Word id="word-eb31d747-fa1a-4a95-aa2c-f697ad140908">
                    <pc:Coords points="2551,386 2717,386 2717,420 2551,420"/>
                    <pc:TextEquiv>
                        <pc:Unicode>HATTON.</pc:Unicode>
                    </pc:TextEquiv>
                </pc:Word>
                <pc:TextEquiv>
                    <pc:Unicode>J. HATTON.</pc:Unicode>
                </pc:TextEquiv>
            </pc:TextLine>
            <pc:TextLine id="line-c3369fea-9b68-47f1-bbb6-859ac5d6f72e">
                <pc:Coords points="448,651 2779,650 2779,699 448,700"/>
                <pc:Word id="word-1532050e-185b-4ea2-a149-0319f38e50cf">
                    <pc:Coords points="448,651 494,651 494,686 448,686"/>
                    <pc:TextEquiv>
                        <pc:Unicode>'T</pc:Unicode>
                    </pc:TextEquiv>
                </pc:Word>
                <pc:Word id="word-4184b15e-0729-400b-b4ea-64520ab6ffb9">
                    <pc:Coords points="501,652 529,652 529,686 501,686"/>
                    <pc:TextEquiv>
                        <pc:Unicode>is</pc:Unicode>
                    </pc:TextEquiv>
                </pc:Word>
                <pc:Word id="word-1cacfa7f-f6c1-4906-96f0-90bbe55b9921">
                    <pc:Coords points="535,651 576,651 576,694 535,694"/>
                    <pc:TextEquiv>
                        <pc:Unicode>by</pc:Unicode>
                    </pc:TextEquiv>
                </pc:Word>
                <pc:Word id="word-47091495-81b5-45dd-a902-72290b9efbf5">
                    <pc:Coords points="584,652 637,652 637,686 584,686"/>
                    <pc:TextEquiv>
                        <pc:Unicode>the</pc:Unicode>
                    </pc:TextEquiv>
                </pc:Word>
                <pc:Word id="word-e9d14df8-8c5c-401b-8327-60bd81afaa02">
                    <pc:Coords points="645,651 726,651 726,686 645,686"/>
                    <pc:TextEquiv>
                        <pc:Unicode>faith</pc:Unicode>
                    </pc:TextEquiv>
                </pc:Word>
                <pc:Word id="word-c418cb47-820e-4bb5-8b24-0a9afbccab18">
                    <pc:Coords points="734,652 770,652 770,686 734,686"/>
                    <pc:TextEquiv>
                        <pc:Unicode>of</pc:Unicode>
                    </pc:TextEquiv>
                </pc:Word>
                <pc:Word id="word-b945739f-8dc6-4a3d-adc8-b87a25ecb85d">
                    <pc:Coords points="775,653 848,653 848,695 775,695"/>
                    <pc:TextEquiv>
                        <pc:Unicode>joys</pc:Unicode>
                    </pc:TextEquiv>
                </pc:Word>
                <pc:Word id="word-a6103bab-0f7f-4683-8eca-207b4f841109">
                    <pc:Coords points="855,655 889,655 889,686 855,687"/>
                    <pc:TextEquiv>
                        <pc:Unicode>to</pc:Unicode>
                    </pc:TextEquiv>
                </pc:Word>
                <pc:Word id="word-ba8cbf01-64ce-4130-bb0b-a6fd23b89781">
                    <pc:Coords points="898,661 993,661 993,693 898,693"/>
                    <pc:TextEquiv>
                        <pc:Unicode>come,</pc:Unicode>
                    </pc:TextEquiv>
                </pc:Word>
                <pc:Word id="word-8f250ed8-1f18-4d75-8a23-76bf8b3d0456">
                    <pc:Coords points="997,652 1062,652 1062,687 997,687"/>
                    <pc:TextEquiv>
                        <pc:Unicode>We</pc:Unicode>
                    </pc:TextEquiv>
                </pc:Word>
                <pc:Word id="word-fa256ba5-e294-46f5-ad23-583534cba094">
                    <pc:Coords points="1070,654 1146,654 1146,687 1070,687"/>
                    <pc:TextEquiv>
                        <pc:Unicode>walk</pc:Unicode>
                    </pc:TextEquiv>
                </pc:Word>
                <pc:Word id="word-b40cc85e-f131-4ee1-b85c-cc420d923041">
                    <pc:Coords points="1153,654 1233,654 1233,688 1153,688"/>
                    <pc:TextEquiv>
                        <pc:Unicode>thro'</pc:Unicode>
                    </pc:TextEquiv>
                </pc:Word>
                <pc:Word id="word-57ca85bc-e022-4706-bac1-6f256b800136">
                    <pc:Coords points="1241,654 1359,654 1359,688 1241,688"/>
                    <pc:TextEquiv>
                        <pc:Unicode>deserts</pc:Unicode>
                    </pc:TextEquiv>
                </pc:Word>
                <pc:Word id="word-ba6f3c42-5f4c-4a15-8de8-dd1d2c8afb24">
                    <pc:Coords points="1367,654 1442,654 1442,687 1367,687"/>
                    <pc:TextEquiv>
                        <pc:Unicode>dark</pc:Unicode>
                    </pc:TextEquiv>
                </pc:Word>
                <pc:Word id="word-c73d4b2c-2fda-4d86-b7ed-5661b611f989">
                    <pc:Coords points="1449,662 1485,662 1485,687 1449,687"/>
                    <pc:TextEquiv>
                        <pc:Unicode>as</pc:Unicode>
                    </pc:TextEquiv>
                </pc:Word>
                <pc:Word id="word-a6115840-d0be-45f1-9f82-1eeb121b4d4c">
                    <pc:Coords points="1492,653 1597,653 1597,695 1492,695"/>
                    <pc:TextEquiv>
                        <pc:Unicode>night;</pc:Unicode>
                    </pc:TextEquiv>
                </pc:Word>
                <pc:Word id="word-a0414063-4552-4c74-b034-c3b4eaf10808">
                    <pc:Coords points="1602,652 1670,652 1670,687 1602,687"/>
                    <pc:TextEquiv>
                        <pc:Unicode>Till</pc:Unicode>
                    </pc:TextEquiv>
                </pc:Word>
                <pc:Word id="word-127f5299-14a6-4572-a8d1-7e3aa356905a">
                    <pc:Coords points="1676,662 1721,662 1721,686 1676,686"/>
                    <pc:TextEquiv>
                        <pc:Unicode>we</pc:Unicode>
                    </pc:TextEquiv>
                </pc:Word>
                <pc:Word id="word-545dedd7-d6a6-4b4f-a0f1-55ab58a0b160">
                    <pc:Coords points="1728,653 1829,653 1829,687 1728,687"/>
                    <pc:TextEquiv>
                        <pc:Unicode>arrive</pc:Unicode>
                    </pc:TextEquiv>
                </pc:Word>
                <pc:Word id="word-d1ba623f-8d11-485a-8791-073f47b28f55">
                    <pc:Coords points="1834,655 1868,655 1868,687 1834,687"/>
                    <pc:TextEquiv>
                        <pc:Unicode>at</pc:Unicode>
                    </pc:TextEquiv>
                </pc:Word>
                <pc:Word id="word-01c543ff-a7f5-4f09-81dd-3919ce49ab33">
                    <pc:Coords points="1873,653 1989,653 1989,692 1873,692"/>
                    <pc:TextEquiv>
                        <pc:Unicode>heav'n,</pc:Unicode>
                    </pc:TextEquiv>
                </pc:Word>
                <pc:Word id="word-37db08ee-7017-4feb-b330-92d1e5f9cd5d">
                    <pc:Coords points="1995,662 2051,662 2051,691 1995,691"/>
                    <pc:TextEquiv>
                        <pc:Unicode>our</pc:Unicode>
                    </pc:TextEquiv>
                </pc:Word>
                <pc:Word id="word-cc806b69-9fc6-465b-873e-d83a66eb8977">
                    <pc:Coords points="2057,654 2154,654 2154,694 2057,694"/>
                    <pc:TextEquiv>
                        <pc:Unicode>home,</pc:Unicode>
                    </pc:TextEquiv>
                </pc:Word>
                <pc:Word id="word-60ca8687-75b1-49b4-96cd-d93b6543bba4">
                    <pc:Coords points="2160,653 2256,653 2256,688 2160,688"/>
                    <pc:TextEquiv>
                        <pc:Unicode>Faith</pc:Unicode>
                    </pc:TextEquiv>
                </pc:Word>
                <pc:Word id="word-d792e0f2-80e5-45cb-8012-c94ec9878186">
                    <pc:Coords points="2264,655 2294,655 2294,688 2264,688"/>
                    <pc:TextEquiv>
                        <pc:Unicode>is</pc:Unicode>
                    </pc:TextEquiv>
                </pc:Word>
                <pc:Word id="word-2fe7e4e3-3225-4b16-88a8-19bbb91180ac">
                    <pc:Coords points="2302,663 2358,663 2358,688 2302,688"/>
                    <pc:TextEquiv>
                        <pc:Unicode>our</pc:Unicode>
                    </pc:TextEquiv>
                </pc:Word>
                <pc:Word id="word-8787f039-97df-4e08-b4c4-5755c50374ec">
                    <pc:Coords points="2364,656 2462,656 2462,698 2364,698"/>
                    <pc:TextEquiv>
                        <pc:Unicode>guide,</pc:Unicode>
                    </pc:TextEquiv>
                </pc:Word>
                <pc:Word id="word-a500f68c-78ad-4ca2-a13f-98f20e698123">
                    <pc:Coords points="2467,656 2527,656 2527,691 2467,691"/>
                    <pc:TextEquiv>
                        <pc:Unicode>and</pc:Unicode>
                    </pc:TextEquiv>
                </pc:Word>
                <pc:Word id="word-2f82cba0-d837-4249-b340-4fd63375ee74">
                    <pc:Coords points="2533,655 2614,655 2614,690 2533,690"/>
                    <pc:TextEquiv>
                        <pc:Unicode>faith</pc:Unicode>
                    </pc:TextEquiv>
                </pc:Word>
                <pc:Word id="word-ada02218-2905-4911-be50-ff254d485af5">
                    <pc:Coords points="2624,664 2682,664 2682,690 2624,690"/>
                    <pc:TextEquiv>
                        <pc:Unicode>our</pc:Unicode>
                    </pc:TextEquiv>
                </pc:Word>
                <pc:Word id="word-d658fbfd-ed86-4c12-8c52-f393b4ca6f41">
                    <pc:Coords points="2688,657 2779,657 2779,699 2688,699"/>
                    <pc:TextEquiv>
                        <pc:Unicode>light.</pc:Unicode>
                    </pc:TextEquiv>
                </pc:Word>
                <pc:TextEquiv>
                    <pc:Unicode>'T is by the faith of joys to come, We walk thro' deserts dark as night; Till we arrive at heav'n, our home, Faith is our guide, and faith our light.</pc:Unicode>
                </pc:TextEquiv>
            </pc:TextLine>
            <pc:TextLine id="line-1a9ed96e-ceae-4343-a40f-0f2dfb533a49">
                <pc:Coords points="450,848 558,848 558,899 450,899"/>
                <pc:Word id="word-cf08ba97-6ce1-4a98-94fb-a3e3ca97ce28">
                    <pc:Coords points="450,848 558,848 558,899 450,899"/>
                    <pc:TextEquiv>
                        <pc:Unicode>5.02</pc:Unicode>
                    </pc:TextEquiv>
                </pc:Word>
                <pc:TextEquiv>
                    <pc:Unicode>5.02</pc:Unicode>
                </pc:TextEquiv>
            </pc:TextLine>
            <pc:TextLine id="line-f8ace54b-8671-48fd-b0c0-01a947f726ac">
                <pc:Coords points="367,950 521,950 521,1025 367,1025"/>
                <pc:Word id="word-bb07cb87-dc2f-4907-af9c-d4ecfc51508b">
                    <pc:Coords points="367,950 521,950 521,1025 367,1025"/>
                    <pc:TextEquiv>
                        <pc:Unicode>169</pc:Unicode>
                    </pc:TextEquiv>
                </pc:Word>
                <pc:TextEquiv>
                    <pc:Unicode>169</pc:Unicode>
                </pc:TextEquiv>
            </pc:TextLine>
            <pc:TextLine id="line-f42e6b9f-3ede-4b28-8b13-89277ff8f756">
                <pc:Coords points="862,993 1044,993 1044,1025 862,1025"/>
                <pc:Word id="word-5058ec1e-3d3c-49ae-95ae-00cc77f5e6ce">
                    <pc:Coords points="862,993 937,993 937,1024 862,1024"/>
                    <pc:TextEquiv>
                        <pc:Unicode>Heb.</pc:Unicode>
                    </pc:TextEquiv>
                </pc:Word>
                <pc:Word id="word-a42b2377-e600-4486-82df-bd1167e8939a">
                    <pc:Coords points="949,995 997,995 997,1025 949,1025"/>
                    <pc:TextEquiv>
                        <pc:Unicode>11:</pc:Unicode>
                    </pc:TextEquiv>
                </pc:Word>
                <pc:Word id="word-387a3fa4-ef9a-4288-b989-ae0f30e12466">
                    <pc:Coords points="1015,996 1044,996 1044,1025 1015,1025"/>
                    <pc:TextEquiv>
                        <pc:Unicode>8.</pc:Unicode>
                    </pc:TextEquiv>
                </pc:Word>
                <pc:TextEquiv>
                    <pc:Unicode>Heb. 11: 8.</pc:Unicode>
                </pc:TextEquiv>
            </pc:TextLine>
            <pc:TextLine id="line-160a526d-490f-40de-9099-7e0c4965cf3f">
                <pc:Coords points="1362,995 1546,995 1546,1027 1362,1027"/>
                <pc:Word id="word-2fbe360a-f757-4144-9698-a916bd064b62">
                    <pc:Coords points="1362,995 1392,995 1392,1027 1362,1027"/>
                    <pc:TextEquiv>
                        <pc:Unicode>I.</pc:Unicode>
                    </pc:TextEquiv>
                </pc:Word>
                <pc:Word id="word-bb394443-078e-4378-8a57-7221fdb505bc">
                    <pc:Coords points="1405,997 1546,997 1546,1027 1405,1027"/>
                    <pc:TextEquiv>
                        <pc:Unicode>WATTS.</pc:Unicode>
                    </pc:TextEquiv>
                </pc:Word>
                <pc:TextEquiv>
                    <pc:Unicode>I. WATTS.</pc:Unicode>
                </pc:TextEquiv>
            </pc:TextLine>
            <pc:TextLine id="line-fbe85761-29a4-466d-b958-8bf7cac1be39">
                <pc:Coords points="1596,952 1752,952 1751,1030 1596,1030"/>
                <pc:Word id="word-13cbca81-edbc-498b-880b-c5684110e466">
                    <pc:Coords points="1596,952 1752,952 1751,1030 1596,1030"/>
                    <pc:TextEquiv>
                        <pc:Unicode>170</pc:Unicode>
                    </pc:TextEquiv>
                </pc:Word>
                <pc:TextEquiv>
                    <pc:Unicode>170</pc:Unicode>
                </pc:TextEquiv>
            </pc:TextLine>
            <pc:TextLine id="line-94962700-69b1-415f-8e2b-b1aa65f71f21">
                <pc:Coords points="2091,995 2292,995 2292,1028 2091,1028"/>
                <pc:Word id="word-7974a92e-4716-431f-b7ca-751f0438d1a0">
                    <pc:Coords points="2091,995 2187,995 2187,1026 2091,1026"/>
                    <pc:TextEquiv>
                        <pc:Unicode>Titus</pc:Unicode>
                    </pc:TextEquiv>
                </pc:Word>
                <pc:Word id="word-4fb91ea9-44df-443a-b523-9bd1cc5655af">
                    <pc:Coords points="2196,998 2230,998 2230,1027 2196,1027"/>
                    <pc:TextEquiv>
                        <pc:Unicode>2:</pc:Unicode>
                    </pc:TextEquiv>
                </pc:Word>
                <pc:Word id="word-ce951e35-d3e4-40b9-903f-b2133a583f57">
                    <pc:Coords points="2247,999 2292,999 2292,1028 2247,1028"/>
                    <pc:TextEquiv>
                        <pc:Unicode>10.</pc:Unicode>
                    </pc:TextEquiv>
                </pc:Word>
                <pc:TextEquiv>
                    <pc:Unicode>Titus 2: 10.</pc:Unicode>
                </pc:TextEquiv>
            </pc:TextLine>
            <pc:TextLine id="line-67cd72e4-9ed3-44e4-83e4-cdc5e7d5d0f3">
                <pc:Coords points="2589,994 2777,994 2776,1029 2589,1029"/>
                <pc:Word id="word-d1c912b6-0c90-4d70-91ef-3ffac27bd822">
                    <pc:Coords points="2589,996 2621,996 2621,1029 2589,1029"/>
                    <pc:TextEquiv>
                        <pc:Unicode>I.</pc:Unicode>
                    </pc:TextEquiv>
                </pc:Word>
                <pc:Word id="word-c089efec-184a-4c6a-89d6-2505b3097dd8">
                    <pc:Coords points="2633,994 2777,994 2776,1028 2633,1028"/>
                    <pc:TextEquiv>
                        <pc:Unicode>WATTS.</pc:Unicode>
                    </pc:TextEquiv>
                </pc:Word>
                <pc:TextEquiv>
                    <pc:Unicode>I. WATTS.</pc:Unicode>
                </pc:TextEquiv>
            </pc:TextLine>
            <pc:TextLine id="line-9faa295f-8856-4e95-a352-aa0c831fa48f">
                <pc:Coords points="423,1072 1207,1071 1207,1124 423,1124"/>
                <pc:Word id="word-36efa0d6-d512-4c86-bb3b-4f24fce4ce3a">
                    <pc:Coords points="423,1073 448,1073 448,1115 423,1115"/>
                    <pc:TextEquiv>
                        <pc:Unicode>1</pc:Unicode>
                    </pc:TextEquiv>
                </pc:Word>
                <pc:Word id="word-79478c65-e968-49cc-9545-aa73e43d2835">
                    <pc:Coords points="475,1072 561,1072 561,1115 475,1115"/>
                    <pc:TextEquiv>
                        <pc:Unicode>'Tis</pc:Unicode>
                    </pc:TextEquiv>
                </pc:Word>
                <pc:Word id="word-5ab52dd6-3832-47d5-9eea-77d8bf69a002">
                    <pc:Coords points="580,1073 633,1073 633,1124 580,1124"/>
                    <pc:TextEquiv>
                        <pc:Unicode>by</pc:Unicode>
                    </pc:TextEquiv>
                </pc:Word>
                <pc:Word id="word-0bdee765-c614-4dc4-a87c-fc2683ce1771">
                    <pc:Coords points="651,1073 721,1073 721,1113 651,1113"/>
                    <pc:TextEquiv>
                        <pc:Unicode>the</pc:Unicode>
                    </pc:TextEquiv>
                </pc:Word>
                <pc:Word id="word-491aa38f-c853-41b2-b1b8-fe2f7ae05bfe">
                    <pc:Coords points="737,1072 839,1072 839,1113 737,1113"/>
                    <pc:TextEquiv>
                        <pc:Unicode>faith</pc:Unicode>
                    </pc:TextEquiv>
                </pc:Word>
                <pc:Word id="word-8fc4b358-baeb-4523-a3fb-760266e60505">
                    <pc:Coords points="857,1073 902,1073 902,1115 856,1115"/>
                    <pc:TextEquiv>
                        <pc:Unicode>of</pc:Unicode>
                    </pc:TextEquiv>
                </pc:Word>
                <pc:Word id="word-45150d46-dd30-4b0d-bafa-9f51f138c4df">
                    <pc:Coords points="917,1075 1007,1075 1007,1124 917,1124"/>
                    <pc:TextEquiv>
                        <pc:Unicode>joys</pc:Unicode>
                    </pc:TextEquiv>
                </pc:Word>
                <pc:Word id="word-5d461e83-aad2-47a9-80db-13b36e86de75">
                    <pc:Coords points="1025,1076 1070,1076 1070,1114 1025,1114"/>
                    <pc:TextEquiv>
                        <pc:Unicode>to</pc:Unicode>
                    </pc:TextEquiv>
                </pc:Word>
                <pc:Word id="word-df399585-c605-4a84-a46f-7a9f08b3ce82">
                    <pc:Coords points="1087,1085 1207,1085 1207,1124 1087,1124"/>
                    <pc:TextEquiv>
                        <pc:Unicode>come,</pc:Unicode>
                    </pc:TextEquiv>
                </pc:Word>
                <pc:TextEquiv>
                    <pc:Unicode>1 'Tis by the faith of joys to come,</pc:Unicode>
                </pc:TextEquiv>
            </pc:TextLine>
            <pc:TextLine id="line-c0aead44-db62-4ce6-8a9e-42feab1109e7">
                <pc:Coords points="1704,1074 2452,1073 2452,1129 1704,1129"/>
                <pc:Word id="word-80635de4-e0ca-45e0-af17-482df8884853">
                    <pc:Coords points="1704,1075 1729,1075 1728,1116 1704,1116"/>
                    <pc:TextEquiv>
                        <pc:Unicode>1</pc:Unicode>
                    </pc:TextEquiv>
                </pc:Word>
                <pc:Word id="word-a080029d-72e4-4835-88a1-a1a8bec7d011">
                    <pc:Coords points="1758,1074 1814,1074 1814,1117 1758,1117"/>
                    <pc:TextEquiv>
                        <pc:Unicode>So</pc:Unicode>
                    </pc:TextEquiv>
                </pc:Word>
                <pc:Word id="word-42143b2c-4b73-449b-901f-af8e22e016bc">
                    <pc:Coords points="1832,1075 1888,1075 1888,1115 1832,1115"/>
                    <pc:TextEquiv>
                        <pc:Unicode>let</pc:Unicode>
                    </pc:TextEquiv>
                </pc:Word>
                <pc:Word id="word-fb964dfd-ff33-4c35-bd76-fd68bfd379a2">
                    <pc:Coords points="1906,1086 1976,1086 1976,1116 1906,1116"/>
                    <pc:TextEquiv>
                        <pc:Unicode>our</pc:Unicode>
                    </pc:TextEquiv>
                </pc:Word>
                <pc:Word id="word-dba39489-87ea-477f-8be0-08ef8aaad937">
                    <pc:Coords points="1993,1075 2068,1075 2068,1127 1993,1127"/>
                    <pc:TextEquiv>
                        <pc:Unicode>lips</pc:Unicode>
                    </pc:TextEquiv>
                </pc:Word>
                <pc:Word id="word-6621b4ef-c143-4e96-86a1-503fc5cf6ef4">
                    <pc:Coords points="2085,1076 2163,1076 2163,1117 2085,1117"/>
                    <pc:TextEquiv>
                        <pc:Unicode>and</pc:Unicode>
                    </pc:TextEquiv>
                </pc:Word>
                <pc:Word id="word-b09f1794-fe37-4db6-875b-203931ecbc41">
                    <pc:Coords points="2180,1076 2275,1076 2275,1117 2180,1117"/>
                    <pc:TextEquiv>
                        <pc:Unicode>lives</pc:Unicode>
                    </pc:TextEquiv>
                </pc:Word>
                <pc:Word id="word-d2fc4131-11ca-412e-9e19-9b8f37e803f1">
                    <pc:Coords points="2294,1089 2452,1089 2452,1129 2294,1129"/>
                    <pc:TextEquiv>
                        <pc:Unicode>express</pc:Unicode>
                    </pc:TextEquiv>
                </pc:Word>
                <pc:TextEquiv>
                    <pc:Unicode>1 So let our lips and lives express</pc:Unicode>
                </pc:TextEquiv>
            </pc:TextLine>
            <pc:TextLine id="line-e2c550c8-5a59-496f-976e-396f68620ff1">
                <pc:Coords points="531,1128 1413,1128 1413,1184 531,1184"/>
                <pc:Word id="word-be9ec1fa-b63a-47c2-9a93-073f72855971">
                    <pc:Coords points="531,1128 610,1128 610,1169 531,1169"/>
                    <pc:TextEquiv>
                        <pc:Unicode>We</pc:Unicode>
                    </pc:TextEquiv>
                </pc:Word>
                <pc:Word id="word-964bf074-d250-47ca-a709-004bdd86bc26">
                    <pc:Coords points="628,1128 730,1128 730,1169 628,1169"/>
                    <pc:TextEquiv>
                        <pc:Unicode>walk</pc:Unicode>
                    </pc:TextEquiv>
                </pc:Word>
                <pc:Word id="word-c141e1ef-4d82-4968-95a0-3d83025cec6c">
                    <pc:Coords points="748,1128 921,1128 921,1181 748,1181"/>
                    <pc:TextEquiv>
                        <pc:Unicode>through</pc:Unicode>
                    </pc:TextEquiv>
                </pc:Word>
                <pc:Word id="word-b47e9f74-1584-4833-9339-8857e5e72d32">
                    <pc:Coords points="938,1129 1087,1129 1087,1171 938,1171"/>
                    <pc:TextEquiv>
                        <pc:Unicode>deserts</pc:Unicode>
                    </pc:TextEquiv>
                </pc:Word>
                <pc:Word id="word-4458eed3-e6e9-4749-a7b1-d60e4a8fd408">
                    <pc:Coords points="1105,1129 1206,1129 1206,1171 1105,1171"/>
                    <pc:TextEquiv>
                        <pc:Unicode>dark</pc:Unicode>
                    </pc:TextEquiv>
                </pc:Word>
                <pc:Word id="word-12395fcd-2388-4d40-98e5-c8b1063ad23c">
                    <pc:Coords points="1224,1143 1269,1142 1269,1171 1224,1171"/>
                    <pc:TextEquiv>
                        <pc:Unicode>as</pc:Unicode>
                    </pc:TextEquiv>
                </pc:Word>
                <pc:Word id="word-7579d7ea-3b21-4ba3-8fad-1749bc297bf8">
                    <pc:Coords points="1282,1131 1413,1130 1413,1184 1282,1184"/>
                    <pc:TextEquiv>
                        <pc:Unicode>night;</pc:Unicode>
                    </pc:TextEquiv>
                </pc:Word>
                <pc:TextEquiv>
                    <pc:Unicode>We walk through deserts dark as night;</pc:Unicode>
                </pc:TextEquiv>
            </pc:TextLine>
            <pc:TextLine id="line-cd65d812-e2f2-413a-bca8-89147c7cd2b6">
                <pc:Coords points="1758,1130 2360,1129 2360,1185 1758,1185"/>
                <pc:Word id="word-d2b4a460-f5f6-428d-bdd4-b2301afac163">
                    <pc:Coords points="1758,1130 1841,1130 1841,1170 1758,1170"/>
                    <pc:TextEquiv>
                        <pc:Unicode>The</pc:Unicode>
                    </pc:TextEquiv>
                </pc:Word>
                <pc:Word id="word-55715cb2-66b2-4f59-bbb9-5b387e3f0cb0">
                    <pc:Coords points="1859,1130 1949,1130 1949,1182 1859,1182"/>
                    <pc:TextEquiv>
                        <pc:Unicode>holy</pc:Unicode>
                    </pc:TextEquiv>
                </pc:Word>
                <pc:Word id="word-75aa4f52-7ac6-4b20-93da-e39b1c042e50">
                    <pc:Coords points="1967,1132 2101,1132 2101,1183 1967,1183"/>
                    <pc:TextEquiv>
                        <pc:Unicode>gospel</pc:Unicode>
                    </pc:TextEquiv>
                </pc:Word>
                <pc:Word id="word-bc45fec3-a777-4f34-a488-192534f039dc">
                    <pc:Coords points="2119,1144 2177,1144 2177,1172 2119,1172"/>
                    <pc:TextEquiv>
                        <pc:Unicode>we</pc:Unicode>
                    </pc:TextEquiv>
                </pc:Word>
                <pc:Word id="word-7df0a2a1-985a-4477-8a94-248a22a61a23">
                    <pc:Coords points="2194,1132 2360,1132 2360,1185 2194,1185"/>
                    <pc:TextEquiv>
                        <pc:Unicode>profess;</pc:Unicode>
                    </pc:TextEquiv>
                </pc:Word>
                <pc:TextEquiv>
                    <pc:Unicode>The holy gospel we profess;</pc:Unicode>
                </pc:TextEquiv>
            </pc:TextLine>
            <pc:TextLine id="line-665cea34-6f62-43a0-bba7-c297f81cc65a">
                <pc:Coords points="475,1183 1247,1183 1247,1236 475,1236"/>
                <pc:Word id="word-7621e248-9846-405a-9d65-14b51f85fa91">
                    <pc:Coords points="475,1183 552,1183 552,1224 475,1224"/>
                    <pc:TextEquiv>
                        <pc:Unicode>Till</pc:Unicode>
                    </pc:TextEquiv>
                </pc:Word>
                <pc:Word id="word-7133a575-430a-43c3-b53a-5252858e19fc">
                    <pc:Coords points="571,1195 629,1195 629,1224 571,1224"/>
                    <pc:TextEquiv>
                        <pc:Unicode>we</pc:Unicode>
                    </pc:TextEquiv>
                </pc:Word>
                <pc:Word id="word-8a0ca73f-38a5-43e9-9c80-d899bb5cb799">
                    <pc:Coords points="647,1184 773,1184 773,1225 647,1225"/>
                    <pc:TextEquiv>
                        <pc:Unicode>arrive</pc:Unicode>
                    </pc:TextEquiv>
                </pc:Word>
                <pc:Word id="word-f1c3d96c-ebb0-43d7-9de1-9b11195013e8">
                    <pc:Coords points="789,1186 836,1186 836,1225 789,1225"/>
                    <pc:TextEquiv>
                        <pc:Unicode>at</pc:Unicode>
                    </pc:TextEquiv>
                </pc:Word>
                <pc:Word id="word-7999170a-135c-4312-9cbd-158a38322e69">
                    <pc:Coords points="852,1183 1011,1183 1011,1234 852,1234"/>
                    <pc:TextEquiv>
                        <pc:Unicode>heaven,</pc:Unicode>
                    </pc:TextEquiv>
                </pc:Word>
                <pc:Word id="word-626b860a-7f8d-4831-a091-abf4d949e63d">
                    <pc:Coords points="1032,1196 1104,1196 1104,1226 1032,1226"/>
                    <pc:TextEquiv>
                        <pc:Unicode>our</pc:Unicode>
                    </pc:TextEquiv>
                </pc:Word>
                <pc:Word id="word-39d50571-2e8f-420e-9f96-7d350fc20155">
                    <pc:Coords points="1122,1185 1247,1184 1247,1236 1122,1236"/>
                    <pc:TextEquiv>
                        <pc:Unicode>home,</pc:Unicode>
                    </pc:TextEquiv>
                </pc:Word>
                <pc:TextEquiv>
                    <pc:Unicode>Till we arrive at heaven, our home,</pc:Unicode>
                </pc:TextEquiv>
            </pc:TextLine>
            <pc:TextLine id="line-c6054ac7-a82a-42a0-ae37-71b56b8e5f88">
                <pc:Coords points="1759,1184 2520,1184 2520,1239 1759,1239"/>
                <pc:Word id="word-baeb992c-c057-43f7-8e7f-0005fc16f5e4">
                    <pc:Coords points="1759,1184 1815,1184 1815,1227 1759,1227"/>
                    <pc:TextEquiv>
                        <pc:Unicode>So</pc:Unicode>
                    </pc:TextEquiv>
                </pc:Word>
                <pc:Word id="word-58f6380b-a5f7-4b6e-9952-22d9a671a679">
                    <pc:Coords points="1831,1185 1889,1185 1888,1226 1831,1226"/>
                    <pc:TextEquiv>
                        <pc:Unicode>let</pc:Unicode>
                    </pc:TextEquiv>
                </pc:Word>
                <pc:Word id="word-9fe5be67-30ab-498b-8ecd-775794ecf274">
                    <pc:Coords points="1906,1197 1977,1197 1977,1227 1906,1227"/>
                    <pc:TextEquiv>
                        <pc:Unicode>our</pc:Unicode>
                    </pc:TextEquiv>
                </pc:Word>
                <pc:Word id="word-d304b6d2-9df6-4bc0-8492-fe744d97c3b3">
                    <pc:Coords points="1995,1187 2121,1187 2121,1227 1995,1228"/>
                    <pc:TextEquiv>
                        <pc:Unicode>works</pc:Unicode>
                    </pc:TextEquiv>
                </pc:Word>
                <pc:Word id="word-b5e44861-28a3-4f37-8efe-6addf055ed6c">
                    <pc:Coords points="2139,1187 2217,1187 2217,1228 2138,1228"/>
                    <pc:TextEquiv>
                        <pc:Unicode>and</pc:Unicode>
                    </pc:TextEquiv>
                </pc:Word>
                <pc:Word id="word-6b38f211-d27a-4aa6-8841-bdd795af809a">
                    <pc:Coords points="2234,1188 2381,1188 2381,1229 2234,1229"/>
                    <pc:TextEquiv>
                        <pc:Unicode>virtues</pc:Unicode>
                    </pc:TextEquiv>
                </pc:Word>
                <pc:Word id="word-fbd9229d-ceae-4cd1-b08d-7cc32599ef29">
                    <pc:Coords points="2398,1188 2520,1188 2520,1239 2397,1239"/>
                    <pc:TextEquiv>
                        <pc:Unicode>shine,</pc:Unicode>
                    </pc:TextEquiv>
                </pc:Word>
                <pc:TextEquiv>
                    <pc:Unicode>So let our works and virtues shine,</pc:Unicode>
                </pc:TextEquiv>
            </pc:TextLine>
            <pc:TextLine id="line-665830c8-cf9d-4894-9c67-779b03addf72">
                <pc:Coords points="533,1238 1374,1237 1374,1294 533,1294"/>
                <pc:Word id="word-e80ea1ee-c8f7-42d9-a2ba-d84affdaca25">
                    <pc:Coords points="533,1238 654,1238 654,1279 533,1279"/>
                    <pc:TextEquiv>
                        <pc:Unicode>Faith</pc:Unicode>
                    </pc:TextEquiv>
                </pc:Word>
                <pc:Word id="word-9d11da06-31e0-4295-9001-de4850fab039">
                    <pc:Coords points="671,1240 705,1240 705,1279 671,1279"/>
                    <pc:TextEquiv>
                        <pc:Unicode>is</pc:Unicode>
                    </pc:TextEquiv>
                </pc:Word>
                <pc:Word id="word-62d0f2c2-fb56-4248-a9a8-404d41370bda">
                    <pc:Coords points="723,1250 793,1250 793,1280 723,1280"/>
                    <pc:TextEquiv>
                        <pc:Unicode>our</pc:Unicode>
                    </pc:TextEquiv>
                </pc:Word>
                <pc:Word id="word-4ac01d01-3b8e-4069-b4a2-4ee19480a85d">
                    <pc:Coords points="809,1239 938,1239 938,1292 808,1292"/>
                    <pc:TextEquiv>
                        <pc:Unicode>guide,</pc:Unicode>
                    </pc:TextEquiv>
                </pc:Word>
                <pc:Word id="word-79f2fbcf-ef0b-43d0-bc77-78bdc25762f4">
                    <pc:Coords points="957,1241 1036,1241 1036,1281 957,1281"/>
                    <pc:TextEquiv>
                        <pc:Unicode>and</pc:Unicode>
                    </pc:TextEquiv>
                </pc:Word>
                <pc:Word id="word-3eb0103d-ab14-4e45-acdd-0717e824899a">
                    <pc:Coords points="1053,1239 1156,1239 1156,1281 1053,1281"/>
                    <pc:TextEquiv>
                        <pc:Unicode>faith</pc:Unicode>
                    </pc:TextEquiv>
                </pc:Word>
                <pc:Word id="word-344ddbf8-c120-452f-bf9b-3f05ce2df572">
                    <pc:Coords points="1174,1253 1245,1252 1245,1281 1174,1281"/>
                    <pc:TextEquiv>
                        <pc:Unicode>our</pc:Unicode>
                    </pc:TextEquiv>
                </pc:Word>
                <pc:Word id="word-273fc672-05d1-49fd-b052-a3d655ee2a20">
                    <pc:Coords points="1262,1241 1374,1241 1374,1294 1262,1294"/>
                    <pc:TextEquiv>
                        <pc:Unicode>light.</pc:Unicode>
                    </pc:TextEquiv>
                </pc:Word>
                <pc:TextEquiv>
                    <pc:Unicode>Faith is our guide, and faith our light.</pc:Unicode>
                </pc:TextEquiv>
            </pc:TextLine>
            <pc:TextLine id="line-afa06ca3-2a9c-45f3-a19a-5e451cf76c57">
                <pc:Coords points="1758,1240 2455,1240 2455,1294 1758,1294"/>
                <pc:Word id="word-8918376e-7bc8-495e-acb3-eb6a82948024">
                    <pc:Coords points="1758,1240 1818,1240 1818,1281 1758,1281"/>
                    <pc:TextEquiv>
                        <pc:Unicode>To</pc:Unicode>
                    </pc:TextEquiv>
                </pc:Word>
                <pc:Word id="word-383d3d70-8c59-4e5c-987a-3f95d0d9d367">
                    <pc:Coords points="1834,1252 1955,1252 1955,1294 1834,1294"/>
                    <pc:TextEquiv>
                        <pc:Unicode>prove</pc:Unicode>
                    </pc:TextEquiv>
                </pc:Word>
                <pc:Word id="word-acc870e2-cd01-44ca-997b-4b13cfbd325b">
                    <pc:Coords points="1969,1242 2036,1242 2036,1282 1968,1282"/>
                    <pc:TextEquiv>
                        <pc:Unicode>the</pc:Unicode>
                    </pc:TextEquiv>
                </pc:Word>
                <pc:Word id="word-f0c09c46-d9a4-4cdf-8c11-ae6889603d07">
                    <pc:Coords points="2054,1243 2229,1242 2229,1286 2054,1286"/>
                    <pc:TextEquiv>
                        <pc:Unicode>doctrine</pc:Unicode>
                    </pc:TextEquiv>
                </pc:Word>
                <pc:Word id="word-c17112e2-64cd-400f-9b2b-f19cb7f88728">
                    <pc:Coords points="2242,1241 2297,1241 2296,1282 2242,1283"/>
                    <pc:TextEquiv>
                        <pc:Unicode>all</pc:Unicode>
                    </pc:TextEquiv>
                </pc:Word>
                <pc:Word id="word-f780e2bd-6586-4559-9530-dff2ac2f6a29">
                    <pc:Coords points="2314,1242 2455,1242 2455,1285 2314,1285"/>
                    <pc:TextEquiv>
                        <pc:Unicode>divine.</pc:Unicode>
                    </pc:TextEquiv>
                </pc:Word>
                <pc:TextEquiv>
                    <pc:Unicode>To prove the doctrine all divine.</pc:Unicode>
                </pc:TextEquiv>
            </pc:TextLine>
            <pc:TextLine id="line-206c0a47-2acd-4d48-8350-d7a27af7946b">
                <pc:Coords points="423,1362 1272,1361 1272,1417 423,1417"/>
                <pc:Word id="word-66a256fd-ab88-4d74-a072-abdca0ccfe8b">
                    <pc:Coords points="423,1364 451,1364 451,1402 423,1402"/>
                    <pc:TextEquiv>
                        <pc:Unicode>2</pc:Unicode>
                    </pc:TextEquiv>
                </pc:Word>
                <pc:Word id="word-cee034bd-be14-4ace-815d-30575ddb451b">
                    <pc:Coords points="476,1362 560,1362 560,1403 476,1403"/>
                    <pc:TextEquiv>
                        <pc:Unicode>The</pc:Unicode>
                    </pc:TextEquiv>
                </pc:Word>
                <pc:Word id="word-46a3975c-2100-4786-b9b4-57b849ce5ce4">
                    <pc:Coords points="578,1365 685,1365 685,1403 578,1403"/>
                    <pc:TextEquiv>
                        <pc:Unicode>want</pc:Unicode>
                    </pc:TextEquiv>
                </pc:Word>
                <pc:Word id="word-2f1c0be9-3155-4915-a550-d4a133cf5620">
                    <pc:Coords points="702,1362 748,1362 748,1403 702,1403"/>
                    <pc:TextEquiv>
                        <pc:Unicode>of</pc:Unicode>
                    </pc:TextEquiv>
                </pc:Word>
                <pc:Word id="word-42c6479e-b7f7-4982-84d5-c06e99c1a8f5">
                    <pc:Coords points="770,1362 876,1362 876,1414 770,1414"/>
                    <pc:TextEquiv>
                        <pc:Unicode>sight</pc:Unicode>
                    </pc:TextEquiv>
                </pc:Word>
                <pc:Word id="word-e85b68f3-719a-4c82-895a-259354c75d71">
                    <pc:Coords points="893,1362 962,1362 962,1403 893,1403"/>
                    <pc:TextEquiv>
                        <pc:Unicode>she</pc:Unicode>
                    </pc:TextEquiv>
                </pc:Word>
                <pc:Word id="word-5daf9e8d-5957-4581-be7a-957012f222fa">
                    <pc:Coords points="981,1363 1067,1363 1067,1404 981,1404"/>
                    <pc:TextEquiv>
                        <pc:Unicode>well</pc:Unicode>
                    </pc:TextEquiv>
                </pc:Word>
                <pc:Word id="word-a9ed4c9f-21ac-403b-8499-299b5b539964">
                    <pc:Coords points="1083,1364 1272,1364 1272,1417 1083,1417"/>
                    <pc:TextEquiv>
                        <pc:Unicode>supplies;</pc:Unicode>
                    </pc:TextEquiv>
                </pc:Word>
                <pc:TextEquiv>
                    <pc:Unicode>2 The want of sight she well supplies;</pc:Unicode>
                </pc:TextEquiv>
            </pc:TextLine>
            <pc:TextLine id="line-6abbeee0-f7c6-478e-a7b0-7f3ac8eb69c9">
                <pc:Coords points="1704,1364 2534,1363 2534,1416 1704,1417"/>
                <pc:Word id="word-abc7bd3c-24c3-4af9-85e2-57a3a48d98a0">
                    <pc:Coords points="1704,1365 1732,1365 1732,1404 1704,1404"/>
                    <pc:TextEquiv>
                        <pc:Unicode>2</pc:Unicode>
                    </pc:TextEquiv>
                </pc:Word>
                <pc:Word id="word-fb394dd1-2766-41f3-9d3a-73f33344938e">
                    <pc:Coords points="1757,1364 1865,1363 1865,1404 1757,1405"/>
                    <pc:TextEquiv>
                        <pc:Unicode>Thus</pc:Unicode>
                    </pc:TextEquiv>
                </pc:Word>
                <pc:Word id="word-14e4d8a0-dd08-47b7-80c3-6b46b6f331d6">
                    <pc:Coords points="1880,1364 1981,1364 1981,1404 1880,1404"/>
                    <pc:TextEquiv>
                        <pc:Unicode>shall</pc:Unicode>
                    </pc:TextEquiv>
                </pc:Word>
                <pc:Word id="word-fc9289fb-1a50-48f7-9535-0d8ad3515b5a">
                    <pc:Coords points="1999,1377 2056,1377 2056,1405 1998,1405"/>
                    <pc:TextEquiv>
                        <pc:Unicode>we</pc:Unicode>
                    </pc:TextEquiv>
                </pc:Word>
                <pc:Word id="word-9523d040-911e-48f7-b8ca-1aab6b958937">
                    <pc:Coords points="2075,1365 2163,1365 2163,1406 2075,1406"/>
                    <pc:TextEquiv>
                        <pc:Unicode>best</pc:Unicode>
                    </pc:TextEquiv>
                </pc:Word>
                <pc:Word id="word-35845590-bcc1-4934-b0bc-c96f35ce6fd8">
                    <pc:Coords points="2180,1366 2365,1366 2365,1416 2180,1416"/>
                    <pc:TextEquiv>
                        <pc:Unicode>proclaim</pc:Unicode>
                    </pc:TextEquiv>
                </pc:Word>
                <pc:Word id="word-7f82b0b7-aefe-43c7-9b1b-c7eef2ce0b97">
                    <pc:Coords points="2383,1366 2534,1366 2534,1408 2383,1408"/>
                    <pc:TextEquiv>
                        <pc:Unicode>abroad</pc:Unicode>
                    </pc:TextEquiv>
                </pc:Word>
                <pc:TextEquiv>
                    <pc:Unicode>2 Thus shall we best proclaim abroad</pc:Unicode>
                </pc:TextEquiv>
            </pc:TextLine>
            <pc:TextLine id="line-e6edafa4-403e-4e19-9f01-96edce03f0a8">
                <pc:Coords points="533,1416 1320,1415 1320,1472 533,1473"/>
                <pc:Word id="word-5b282769-8a83-4932-9464-f3deedfafaf7">
                    <pc:Coords points="533,1416 613,1416 613,1458 533,1458"/>
                    <pc:TextEquiv>
                        <pc:Unicode>She</pc:Unicode>
                    </pc:TextEquiv>
                </pc:Word>
                <pc:Word id="word-f1d4f36a-b99f-4bde-8e1c-82e69175f430">
                    <pc:Coords points="632,1417 767,1417 767,1458 632,1458"/>
                    <pc:TextEquiv>
                        <pc:Unicode>makes</pc:Unicode>
                    </pc:TextEquiv>
                </pc:Word>
                <pc:Word id="word-6a83b94d-1db9-45e6-aad4-a4ef4663555d">
                    <pc:Coords points="787,1417 855,1417 855,1458 787,1458"/>
                    <pc:TextEquiv>
                        <pc:Unicode>the</pc:Unicode>
                    </pc:TextEquiv>
                </pc:Word>
                <pc:Word id="word-3dc7848b-472f-416d-9ccd-89d07c94c12b">
                    <pc:Coords points="872,1418 1006,1418 1006,1470 872,1470"/>
                    <pc:TextEquiv>
                        <pc:Unicode>pearly</pc:Unicode>
                    </pc:TextEquiv>
                </pc:Word>
                <pc:Word id="word-f58c2d5a-6adc-4182-8f49-f0b99768be42">
                    <pc:Coords points="1023,1422 1138,1422 1138,1470 1023,1470"/>
                    <pc:TextEquiv>
                        <pc:Unicode>gates</pc:Unicode>
                    </pc:TextEquiv>
                </pc:Word>
                <pc:Word id="word-63beb041-42c5-4e48-87e3-6d3c44510b70">
                    <pc:Coords points="1158,1430 1320,1430 1320,1472 1158,1472"/>
                    <pc:TextEquiv>
                        <pc:Unicode>appear;</pc:Unicode>
                    </pc:TextEquiv>
                </pc:Word>
                <pc:TextEquiv>
                    <pc:Unicode>She makes the pearly gates appear;</pc:Unicode>
                </pc:TextEquiv>
            </pc:TextLine>
            <pc:TextLine id="line-b40f8aa3-812d-4ce3-b4e1-ccb96799b9fc">
                <pc:Coords points="1758,1419 2465,1418 2465,1472 1758,1472"/>
                <pc:Word id="word-2cd4b658-593c-47c5-a373-0afa47abe307">
                    <pc:Coords points="1758,1419 1842,1419 1842,1460 1758,1460"/>
                    <pc:TextEquiv>
                        <pc:Unicode>The</pc:Unicode>
                    </pc:TextEquiv>
                </pc:Word>
                <pc:Word id="word-85a63d15-6049-467d-9f7b-6a7c974e3fa6">
                    <pc:Coords points="1859,1419 2001,1419 2001,1461 1859,1461"/>
                    <pc:TextEquiv>
                        <pc:Unicode>honors</pc:Unicode>
                    </pc:TextEquiv>
                </pc:Word>
                <pc:Word id="word-55be83de-aec2-483b-b546-f5f274b6246d">
                    <pc:Coords points="2018,1420 2064,1420 2064,1461 2018,1461"/>
                    <pc:TextEquiv>
                        <pc:Unicode>of</pc:Unicode>
                    </pc:TextEquiv>
                </pc:Word>
                <pc:Word id="word-ac397491-a6dc-4dfc-be99-94e37a947cdf">
                    <pc:Coords points="2086,1431 2156,1431 2156,1461 2086,1461"/>
                    <pc:TextEquiv>
                        <pc:Unicode>our</pc:Unicode>
                    </pc:TextEquiv>
                </pc:Word>
                <pc:Word id="word-5a57a3dc-4e3f-4fd7-908c-3682a2677bbb">
                    <pc:Coords points="2171,1419 2339,1419 2338,1463 2171,1463"/>
                    <pc:TextEquiv>
                        <pc:Unicode>Saviour</pc:Unicode>
                    </pc:TextEquiv>
                </pc:Word>
                <pc:Word id="word-240beee5-f130-4298-aade-16d290390076">
                    <pc:Coords points="2355,1419 2465,1419 2465,1472 2355,1472"/>
                    <pc:TextEquiv>
                        <pc:Unicode>God;</pc:Unicode>
                    </pc:TextEquiv>
                </pc:Word>
                <pc:TextEquiv>
                    <pc:Unicode>The honors of our Saviour God;</pc:Unicode>
                </pc:TextEquiv>
            </pc:TextLine>
            <pc:TextLine id="line-3e5f0161-cf21-4aa1-91d8-b6781c471202">
                <pc:Coords points="477,1472 1198,1472 1198,1527 477,1527"/>
                <pc:Word id="word-a1b69cc7-b7a0-4fc8-9dcf-bb1b6c6c7670">
                    <pc:Coords points="477,1472 560,1472 560,1513 477,1513"/>
                    <pc:TextEquiv>
                        <pc:Unicode>Far</pc:Unicode>
                    </pc:TextEquiv>
                </pc:Word>
                <pc:Word id="word-f243fa9c-41a1-4399-b2a6-58e3a7c9d3a4">
                    <pc:Coords points="577,1473 660,1473 660,1513 577,1513"/>
                    <pc:TextEquiv>
                        <pc:Unicode>into</pc:Unicode>
                    </pc:TextEquiv>
                </pc:Word>
                <pc:Word id="word-6bf7d673-f53b-43b8-b3d3-bca0094f98f0">
                    <pc:Coords points="678,1473 826,1473 826,1513 678,1513"/>
                    <pc:TextEquiv>
                        <pc:Unicode>distant</pc:Unicode>
                    </pc:TextEquiv>
                </pc:Word>
                <pc:Word id="word-ab987f79-3971-40bb-93d8-519db8f939e6">
                    <pc:Coords points="844,1474 983,1474 983,1515 844,1515"/>
                    <pc:TextEquiv>
                        <pc:Unicode>worlds</pc:Unicode>
                    </pc:TextEquiv>
                </pc:Word>
                <pc:Word id="word-4746cc66-6c3e-4896-b8f5-fa1fda45dae8">
                    <pc:Coords points="999,1474 1068,1474 1068,1515 999,1515"/>
                    <pc:TextEquiv>
                        <pc:Unicode>she</pc:Unicode>
                    </pc:TextEquiv>
                </pc:Word>
                <pc:Word id="word-ee448077-67d3-487d-9d9f-0e60d9944c4a">
                    <pc:Coords points="1086,1476 1198,1475 1198,1527 1086,1527"/>
                    <pc:TextEquiv>
                        <pc:Unicode>pries,</pc:Unicode>
                    </pc:TextEquiv>
                </pc:Word>
                <pc:TextEquiv>
                    <pc:Unicode>Far into distant worlds she pries,</pc:Unicode>
                </pc:TextEquiv>
            </pc:TextLine>
            <pc:TextLine id="line-371657b5-1a67-4449-9300-83e0d53f718b">
                <pc:Coords points="1761,1474 2510,1474 2510,1528 1761,1528"/>
                <pc:Word id="word-b6daa482-8dab-4a74-888e-f45d5114fdcf">
                    <pc:Coords points="1761,1474 1896,1474 1896,1515 1761,1515"/>
                    <pc:TextEquiv>
                        <pc:Unicode>When</pc:Unicode>
                    </pc:TextEquiv>
                </pc:Word>
                <pc:Word id="word-ee46af4b-9d68-42c7-b859-534d730bc936">
                    <pc:Coords points="1914,1474 1992,1474 1992,1515 1913,1515"/>
                    <pc:TextEquiv>
                        <pc:Unicode>His</pc:Unicode>
                    </pc:TextEquiv>
                </pc:Word>
                <pc:Word id="word-3ab996e1-25f9-4090-bc61-344aa04b6f1d">
                    <pc:Coords points="2007,1476 2204,1476 2204,1517 2007,1518"/>
                    <pc:TextEquiv>
                        <pc:Unicode>salvation</pc:Unicode>
                    </pc:TextEquiv>
                </pc:Word>
                <pc:Word id="word-9d48fcef-15b8-4e9f-8dbd-fc7f7a4a9829">
                    <pc:Coords points="2216,1476 2347,1476 2347,1528 2216,1528"/>
                    <pc:TextEquiv>
                        <pc:Unicode>reigns</pc:Unicode>
                    </pc:TextEquiv>
                </pc:Word>
                <pc:Word id="word-4069de0e-0faa-406d-82ac-d05544bf566f">
                    <pc:Coords points="2366,1477 2510,1477 2510,1527 2365,1527"/>
                    <pc:TextEquiv>
                        <pc:Unicode>within,</pc:Unicode>
                    </pc:TextEquiv>
                </pc:Word>
                <pc:TextEquiv>
                    <pc:Unicode>When His salvation reigns within,</pc:Unicode>
                </pc:TextEquiv>
            </pc:TextLine>
            <pc:TextLine id="line-93409963-992c-455f-b234-815804fde4ce">
                <pc:Coords points="534,1526 1220,1526 1220,1582 534,1582"/>
                <pc:Word id="word-0e7eefc7-337b-44a8-a78c-88a36b3eaa14">
                    <pc:Coords points="534,1526 631,1526 630,1569 534,1569"/>
                    <pc:TextEquiv>
                        <pc:Unicode>And</pc:Unicode>
                    </pc:TextEquiv>
                </pc:Word>
                <pc:Word id="word-49824be5-72c9-4a14-90bd-f2832f73872b">
                    <pc:Coords points="644,1527 776,1527 776,1580 643,1580"/>
                    <pc:TextEquiv>
                        <pc:Unicode>brings</pc:Unicode>
                    </pc:TextEquiv>
                </pc:Word>
                <pc:Word id="word-0ab3fef7-ea03-431f-ae3b-e94964c39882">
                    <pc:Coords points="793,1528 941,1528 941,1569 793,1569"/>
                    <pc:TextEquiv>
                        <pc:Unicode>eternal</pc:Unicode>
                    </pc:TextEquiv>
                </pc:Word>
                <pc:Word id="word-a0842f4c-3c1e-4345-8b96-72d1f684e4ce">
                    <pc:Coords points="956,1528 1099,1528 1099,1582 956,1582"/>
                    <pc:TextEquiv>
                        <pc:Unicode>glories</pc:Unicode>
                    </pc:TextEquiv>
                </pc:Word>
                <pc:Word id="word-3e7c671c-7895-4aab-a89c-7a75ca3aab10">
                    <pc:Coords points="1115,1541 1220,1541 1220,1571 1115,1571"/>
                    <pc:TextEquiv>
                        <pc:Unicode>near.</pc:Unicode>
                    </pc:TextEquiv>
                </pc:Word>
                <pc:TextEquiv>
                    <pc:Unicode>And brings eternal glories near.</pc:Unicode>
                </pc:TextEquiv>
            </pc:TextLine>
            <pc:TextLine id="line-edef3e09-de25-4a10-9ecc-b2ff9a2b5212">
                <pc:Coords points="1760,1528 2558,1527 2558,1585 1759,1585"/>
                <pc:Word id="word-8eb2819a-a442-464d-9fcd-5b9f9acde021">
                    <pc:Coords points="1760,1528 1855,1528 1855,1571 1760,1571"/>
                    <pc:TextEquiv>
                        <pc:Unicode>And</pc:Unicode>
                    </pc:TextEquiv>
                </pc:Word>
                <pc:Word id="word-88c633c4-1c40-4297-8eb9-0c7c7723e65e">
                    <pc:Coords points="1872,1541 1989,1541 1989,1583 1872,1583"/>
                    <pc:TextEquiv>
                        <pc:Unicode>grace</pc:Unicode>
                    </pc:TextEquiv>
                </pc:Word>
                <pc:Word id="word-f45c7108-4c82-4331-9a78-72ebab397c1f">
                    <pc:Coords points="2005,1531 2173,1531 2173,1573 2005,1573"/>
                    <pc:TextEquiv>
                        <pc:Unicode>subdues</pc:Unicode>
                    </pc:TextEquiv>
                </pc:Word>
                <pc:Word id="word-60bee59b-7d48-4336-9b2f-44b0b1d1c5ba">
                    <pc:Coords points="2189,1531 2257,1531 2257,1572 2189,1572"/>
                    <pc:TextEquiv>
                        <pc:Unicode>the</pc:Unicode>
                    </pc:TextEquiv>
                </pc:Word>
                <pc:Word id="word-fdf59ac0-a217-4808-b908-f02d9f7a8d97">
                    <pc:Coords points="2275,1543 2405,1543 2405,1585 2275,1585"/>
                    <pc:TextEquiv>
                        <pc:Unicode>power</pc:Unicode>
                    </pc:TextEquiv>
                </pc:Word>
                <pc:Word id="word-405a4e00-489c-4af8-801d-fe63baa5f1f2">
                    <pc:Coords points="2422,1533 2467,1533 2467,1573 2422,1573"/>
                    <pc:TextEquiv>
                        <pc:Unicode>of</pc:Unicode>
                    </pc:TextEquiv>
                </pc:Word>
                <pc:Word id="word-4375216d-5a50-4c0f-9195-0e240b43bb1e">
                    <pc:Coords points="2488,1533 2558,1533 2558,1574 2488,1574"/>
                    <pc:TextEquiv>
                        <pc:Unicode>sin.</pc:Unicode>
                    </pc:TextEquiv>
                </pc:Word>
                <pc:TextEquiv>
                    <pc:Unicode>And grace subdues the power of sin.</pc:Unicode>
                </pc:TextEquiv>
            </pc:TextLine>
            <pc:TextLine id="line-3737724f-6a50-4537-b09e-bf0d363d3a70">
                <pc:Coords points="423,1649 1298,1648 1298,1705 423,1705"/>
                <pc:Word id="word-1ab6426f-00bd-474f-a212-e973a89512e5">
                    <pc:Coords points="423,1651 450,1651 450,1691 423,1691"/>
                    <pc:TextEquiv>
                        <pc:Unicode>3</pc:Unicode>
                    </pc:TextEquiv>
                </pc:Word>
                <pc:Word id="word-733733ad-d2c3-4d60-9eb0-960ff147ecc0">
                    <pc:Coords points="480,1649 657,1649 657,1693 480,1693"/>
                    <pc:TextEquiv>
                        <pc:Unicode>Cheerful</pc:Unicode>
                    </pc:TextEquiv>
                </pc:Word>
                <pc:Word id="word-b054f0ad-f0dc-471b-b2c7-3af26f8f7939">
                    <pc:Coords points="674,1662 733,1662 733,1691 674,1691"/>
                    <pc:TextEquiv>
                        <pc:Unicode>we</pc:Unicode>
                    </pc:TextEquiv>
                </pc:Word>
                <pc:Word id="word-497e21ca-6b82-43bf-8a0a-04bd4d34ab53">
                    <pc:Coords points="751,1650 865,1650 865,1691 751,1691"/>
                    <pc:TextEquiv>
                        <pc:Unicode>tread</pc:Unicode>
                    </pc:TextEquiv>
                </pc:Word>
                <pc:Word id="word-95847a7c-f5ee-4961-b4b2-ceb09aaf7ff4">
                    <pc:Coords points="881,1650 949,1650 949,1692 881,1692"/>
                    <pc:TextEquiv>
                        <pc:Unicode>the</pc:Unicode>
                    </pc:TextEquiv>
                </pc:Word>
                <pc:Word id="word-a33778e6-a498-42d4-86d6-c0c5d8133d51">
                    <pc:Coords points="969,1650 1100,1650 1099,1693 969,1693"/>
                    <pc:TextEquiv>
                        <pc:Unicode>desert</pc:Unicode>
                    </pc:TextEquiv>
                </pc:Word>
                <pc:Word id="word-f542ab95-86b9-486f-a8b1-abc840712ddc">
                    <pc:Coords points="1115,1650 1298,1650 1298,1705 1115,1705"/>
                    <pc:TextEquiv>
                        <pc:Unicode>through,</pc:Unicode>
                    </pc:TextEquiv>
                </pc:Word>
                <pc:TextEquiv>
                    <pc:Unicode>3 Cheerful we tread the desert through,</pc:Unicode>
                </pc:TextEquiv>
            </pc:TextLine>
            <pc:TextLine id="line-5c4d3a30-f968-4ab2-9e22-37611db5a10f">
                <pc:Coords points="1705,1651 2389,1651 2389,1708 1704,1708"/>
                <pc:Word id="word-42cce6a0-6274-4722-8aea-5a4d8d8dbc31">
                    <pc:Coords points="1705,1653 1731,1653 1731,1693 1704,1693"/>
                    <pc:TextEquiv>
                        <pc:Unicode>3</pc:Unicode>
                    </pc:TextEquiv>
                </pc:Word>
                <pc:Word id="word-fc367f8d-358f-453e-8aac-4124f27569cf">
                    <pc:Coords points="1758,1651 1939,1651 1939,1704 1758,1704"/>
                    <pc:TextEquiv>
                        <pc:Unicode>Religion</pc:Unicode>
                    </pc:TextEquiv>
                </pc:Word>
                <pc:Word id="word-73eddefd-7279-4aeb-b2e1-6794aaee42f4">
                    <pc:Coords points="1957,1653 2072,1653 2072,1695 1957,1695"/>
                    <pc:TextEquiv>
                        <pc:Unicode>bears</pc:Unicode>
                    </pc:TextEquiv>
                </pc:Word>
                <pc:Word id="word-ec2fe75a-e272-4a65-99f2-98a6ec3d7c32">
                    <pc:Coords points="2090,1665 2160,1665 2160,1695 2090,1695"/>
                    <pc:TextEquiv>
                        <pc:Unicode>our</pc:Unicode>
                    </pc:TextEquiv>
                </pc:Word>
                <pc:Word id="word-3fd0aa2d-a61a-46e5-b84d-a9867ea01790">
                    <pc:Coords points="2176,1654 2308,1654 2308,1707 2176,1707"/>
                    <pc:TextEquiv>
                        <pc:Unicode>spirits</pc:Unicode>
                    </pc:TextEquiv>
                </pc:Word>
                <pc:Word id="word-9614dcd5-6dc7-4d81-84dc-014f2b8f6967">
                    <pc:Coords points="2325,1666 2389,1666 2389,1708 2325,1708"/>
                    <pc:TextEquiv>
                        <pc:Unicode>up,</pc:Unicode>
                    </pc:TextEquiv>
                </pc:Word>
                <pc:TextEquiv>
                    <pc:Unicode>3 Religion bears our spirits up,</pc:Unicode>
                </pc:TextEquiv>
            </pc:TextLine>
            <pc:TextLine id="line-739bbcfb-3c92-4380-8a55-943811c7dfca">
                <pc:Coords points="533,1705 1309,1704 1309,1761 533,1761"/>
                <pc:Word id="word-5b573b23-fa29-4890-a4e4-532025aee531">
                    <pc:Coords points="533,1705 666,1705 666,1747 533,1747"/>
                    <pc:TextEquiv>
                        <pc:Unicode>While</pc:Unicode>
                    </pc:TextEquiv>
                </pc:Word>
                <pc:Word id="word-381c7f9f-966b-4a8c-9d6e-457ef83d9bdc">
                    <pc:Coords points="681,1705 781,1705 781,1746 681,1746"/>
                    <pc:TextEquiv>
                        <pc:Unicode>faith</pc:Unicode>
                    </pc:TextEquiv>
                </pc:Word>
                <pc:Word id="word-bd649f4e-3f04-4888-b56a-2b2ec9997f4a">
                    <pc:Coords points="798,1706 957,1706 957,1758 798,1758"/>
                    <pc:TextEquiv>
                        <pc:Unicode>inspires</pc:Unicode>
                    </pc:TextEquiv>
                </pc:Word>
                <pc:Word id="word-b37dc48f-196e-4d3d-a04d-880cd6347919">
                    <pc:Coords points="970,1719 997,1719 997,1746 970,1746"/>
                    <pc:TextEquiv>
                        <pc:Unicode>a</pc:Unicode>
                    </pc:TextEquiv>
                </pc:Word>
                <pc:Word id="word-2ec87013-8a98-46ef-ba75-d8401d3b1eaa">
                    <pc:Coords points="1014,1706 1203,1706 1203,1759 1014,1759"/>
                    <pc:TextEquiv>
                        <pc:Unicode>heavenly</pc:Unicode>
                    </pc:TextEquiv>
                </pc:Word>
                <pc:Word id="word-a35df7a4-ed02-41eb-81fb-c4b635b7ab2a">
                    <pc:Coords points="1218,1719 1309,1719 1309,1761 1218,1761"/>
                    <pc:TextEquiv>
                        <pc:Unicode>ray;</pc:Unicode>
                    </pc:TextEquiv>
                </pc:Word>
                <pc:TextEquiv>
                    <pc:Unicode>While faith inspires a heavenly ray;</pc:Unicode>
                </pc:TextEquiv>
            </pc:TextLine>
            <pc:TextLine id="line-4d70813d-b315-4d2e-93bd-bc3d0c14d907">
                <pc:Coords points="1757,1707 2564,1707 2564,1762 1757,1763"/>
                <pc:Word id="word-4b3550af-6d8e-45d5-9262-9de62890d6ab">
                    <pc:Coords points="1757,1707 1890,1707 1890,1748 1757,1748"/>
                    <pc:TextEquiv>
                        <pc:Unicode>While</pc:Unicode>
                    </pc:TextEquiv>
                </pc:Word>
                <pc:Word id="word-5e97c3d7-dd81-4856-a1c4-6def71005428">
                    <pc:Coords points="1906,1721 1965,1721 1965,1748 1906,1748"/>
                    <pc:TextEquiv>
                        <pc:Unicode>we</pc:Unicode>
                    </pc:TextEquiv>
                </pc:Word>
                <pc:Word id="word-004b3152-e9a4-4442-8a28-644dd3ba6b1c">
                    <pc:Coords points="1982,1712 2123,1712 2123,1761 1982,1761"/>
                    <pc:TextEquiv>
                        <pc:Unicode>expect</pc:Unicode>
                    </pc:TextEquiv>
                </pc:Word>
                <pc:Word id="word-0c01ac25-4f69-4632-9790-519023b75eab">
                    <pc:Coords points="2139,1709 2208,1709 2207,1749 2139,1749"/>
                    <pc:TextEquiv>
                        <pc:Unicode>the</pc:Unicode>
                    </pc:TextEquiv>
                </pc:Word>
                <pc:Word id="word-dd255820-33fe-4069-8a90-9f904ac5c607">
                    <pc:Coords points="2224,1709 2379,1709 2379,1753 2224,1753"/>
                    <pc:TextEquiv>
                        <pc:Unicode>blessed</pc:Unicode>
                    </pc:TextEquiv>
                </pc:Word>
                <pc:Word id="word-dac6ce73-279b-49f1-afea-bfb4defa1eae">
                    <pc:Coords points="2393,1710 2564,1710 2564,1762 2393,1762"/>
                    <pc:TextEquiv>
                        <pc:Unicode>hope,-</pc:Unicode>
                    </pc:TextEquiv>
                </pc:Word>
                <pc:TextEquiv>
                    <pc:Unicode>While we expect the blessed hope,-</pc:Unicode>
                </pc:TextEquiv>
            </pc:TextLine>
            <pc:TextLine id="line-08ca0a01-e2e1-4731-8b14-93a25a1522a4">
                <pc:Coords points="476,1761 1300,1760 1300,1814 476,1815"/>
                <pc:Word id="word-7de40149-077c-434e-8d0c-d8c1d68d62e6">
                    <pc:Coords points="476,1762 643,1762 643,1813 476,1813"/>
                    <pc:TextEquiv>
                        <pc:Unicode>Though</pc:Unicode>
                    </pc:TextEquiv>
                </pc:Word>
                <pc:Word id="word-472281cf-8bfd-46bf-9b18-8bbe1eb8927a">
                    <pc:Coords points="659,1761 756,1761 756,1802 659,1802"/>
                    <pc:TextEquiv>
                        <pc:Unicode>lions</pc:Unicode>
                    </pc:TextEquiv>
                </pc:Word>
                <pc:Word id="word-16c920bc-3642-49f3-b40e-ee30a045eb41">
                    <pc:Coords points="768,1772 870,1772 870,1811 768,1811"/>
                    <pc:TextEquiv>
                        <pc:Unicode>roar,</pc:Unicode>
                    </pc:TextEquiv>
                </pc:Word>
                <pc:Word id="word-4b721aec-f636-4c8b-a74c-ea67be54beb1">
                    <pc:Coords points="891,1762 968,1762 967,1803 891,1803"/>
                    <pc:TextEquiv>
                        <pc:Unicode>and</pc:Unicode>
                    </pc:TextEquiv>
                </pc:Word>
                <pc:Word id="word-83a13f7e-7cc0-460e-8cc5-425b221e77a6">
                    <pc:Coords points="986,1764 1171,1764 1171,1814 986,1814"/>
                    <pc:TextEquiv>
                        <pc:Unicode>tempests</pc:Unicode>
                    </pc:TextEquiv>
                </pc:Word>
                <pc:Word id="word-825f0982-d675-4dd8-98a5-04b271cf92be">
                    <pc:Coords points="1187,1762 1300,1762 1300,1814 1187,1814"/>
                    <pc:TextEquiv>
                        <pc:Unicode>blow,</pc:Unicode>
                    </pc:TextEquiv>
                </pc:Word>
                <pc:TextEquiv>
                    <pc:Unicode>Though lions roar, and tempests blow,</pc:Unicode>
                </pc:TextEquiv>
            </pc:TextLine>
            <pc:TextLine id="line-9fac696c-6301-4845-9ed4-78e5bb13c925">
                <pc:Coords points="1756,1762 2546,1762 2546,1817 1755,1817"/>
                <pc:Word id="word-cdabbef7-5cf5-4fb3-9863-ca5afaa96fa4">
                    <pc:Coords points="1756,1762 1840,1762 1840,1804 1755,1804"/>
                    <pc:TextEquiv>
                        <pc:Unicode>The</pc:Unicode>
                    </pc:TextEquiv>
                </pc:Word>
                <pc:Word id="word-52ddcd25-478d-4bac-a516-cf431fb6e68f">
                    <pc:Coords points="1857,1762 1990,1762 1990,1815 1857,1815"/>
                    <pc:TextEquiv>
                        <pc:Unicode>bright</pc:Unicode>
                    </pc:TextEquiv>
                </pc:Word>
                <pc:Word id="word-3c716420-776c-4edf-80b5-1cb6e5f7abdf">
                    <pc:Coords points="2008,1774 2247,1774 2247,1817 2008,1817"/>
                    <pc:TextEquiv>
                        <pc:Unicode>appearance</pc:Unicode>
                    </pc:TextEquiv>
                </pc:Word>
                <pc:Word id="word-26f5301d-315f-4f72-9240-da8c9c022103">
                    <pc:Coords points="2267,1766 2312,1766 2312,1805 2266,1805"/>
                    <pc:TextEquiv>
                        <pc:Unicode>of</pc:Unicode>
                    </pc:TextEquiv>
                </pc:Word>
                <pc:Word id="word-3b7c9879-34fa-44d2-8168-a6602de75ad7">
                    <pc:Coords points="2334,1765 2403,1765 2403,1806 2334,1806"/>
                    <pc:TextEquiv>
                        <pc:Unicode>the</pc:Unicode>
                    </pc:TextEquiv>
                </pc:Word>
                <pc:Word id="word-c532f35c-b194-426a-8029-39141523ed7e">
                    <pc:Coords points="2420,1765 2546,1765 2546,1808 2420,1808"/>
                    <pc:TextEquiv>
                        <pc:Unicode>Lord:</pc:Unicode>
                    </pc:TextEquiv>
                </pc:Word>
                <pc:TextEquiv>
                    <pc:Unicode>The bright appearance of the Lord:</pc:Unicode>
                </pc:TextEquiv>
            </pc:TextLine>
            <pc:TextLine id="line-46cd7995-566a-46c5-b000-336c66a68d85">
                <pc:Coords points="534,1817 1308,1816 1308,1870 534,1871"/>
                <pc:Word id="word-aa7ecfbf-ff5a-4b40-a5a4-662940aab381">
                    <pc:Coords points="534,1817 629,1816 629,1857 534,1857"/>
                    <pc:TextEquiv>
                        <pc:Unicode>And</pc:Unicode>
                    </pc:TextEquiv>
                </pc:Word>
                <pc:Word id="word-2f94c534-b19c-4686-bfb5-145822d0ef8f">
                    <pc:Coords points="641,1817 755,1817 754,1857 641,1857"/>
                    <pc:TextEquiv>
                        <pc:Unicode>rocks</pc:Unicode>
                    </pc:TextEquiv>
                </pc:Word>
                <pc:Word id="word-ad437e68-b70c-4739-ac3d-7f2ed3c73ea7">
                    <pc:Coords points="773,1817 850,1817 850,1857 773,1857"/>
                    <pc:TextEquiv>
                        <pc:Unicode>and</pc:Unicode>
                    </pc:TextEquiv>
                </pc:Word>
                <pc:Word id="word-e2d2a18a-bed0-4aaa-b7da-ec8ca6d0457f">
                    <pc:Coords points="868,1817 1034,1817 1034,1869 868,1869"/>
                    <pc:TextEquiv>
                        <pc:Unicode>dangers</pc:Unicode>
                    </pc:TextEquiv>
                </pc:Word>
                <pc:Word id="word-efe55f99-79c9-47ee-a70d-d53c676e615d">
                    <pc:Coords points="1051,1817 1106,1817 1106,1858 1051,1858"/>
                    <pc:TextEquiv>
                        <pc:Unicode>fill</pc:Unicode>
                    </pc:TextEquiv>
                </pc:Word>
                <pc:Word id="word-0d0240e3-dd7c-4715-8f5d-c29fe410ea07">
                    <pc:Coords points="1124,1818 1192,1818 1192,1859 1124,1859"/>
                    <pc:TextEquiv>
                        <pc:Unicode>the</pc:Unicode>
                    </pc:TextEquiv>
                </pc:Word>
                <pc:Word id="word-b5a1c512-1f2d-4ca8-ab10-0694c73594fb">
                    <pc:Coords points="1210,1830 1308,1830 1308,1870 1210,1870"/>
                    <pc:TextEquiv>
                        <pc:Unicode>way.</pc:Unicode>
                    </pc:TextEquiv>
                </pc:Word>
                <pc:TextEquiv>
                    <pc:Unicode>And rocks and dangers fill the way.</pc:Unicode>
                </pc:TextEquiv>
            </pc:TextLine>
            <pc:TextLine id="line-625687d4-aad0-4dda-aa6e-d0271e74e877">
                <pc:Coords points="1759,1818 2596,1817 2596,1871 1758,1872"/>
                <pc:Word id="word-38f34f54-bad0-4cde-886e-16bc54fd28e2">
                    <pc:Coords points="1759,1818 1855,1818 1855,1858 1758,1858"/>
                    <pc:TextEquiv>
                        <pc:Unicode>And</pc:Unicode>
                    </pc:TextEquiv>
                </pc:Word>
                <pc:Word id="word-8e3dad02-74ca-4500-9414-798100c678e9">
                    <pc:Coords points="1871,1818 1971,1818 1971,1859 1871,1859"/>
                    <pc:TextEquiv>
                        <pc:Unicode>faith</pc:Unicode>
                    </pc:TextEquiv>
                </pc:Word>
                <pc:Word id="word-ebc5c4db-a91e-4d4c-b9bf-dfcba2860ab0">
                    <pc:Coords points="1988,1820 2124,1820 2124,1860 1988,1860"/>
                    <pc:TextEquiv>
                        <pc:Unicode>stands</pc:Unicode>
                    </pc:TextEquiv>
                </pc:Word>
                <pc:Word id="word-fdd2ff6e-53bd-4817-a4cb-d739ab93613a">
                    <pc:Coords points="2140,1819 2296,1819 2296,1872 2140,1872"/>
                    <pc:TextEquiv>
                        <pc:Unicode>leaning</pc:Unicode>
                    </pc:TextEquiv>
                </pc:Word>
                <pc:Word id="word-68e6beb9-49f0-43be-9964-248cbecfa3e9">
                    <pc:Coords points="2313,1832 2365,1832 2365,1860 2313,1860"/>
                    <pc:TextEquiv>
                        <pc:Unicode>on</pc:Unicode>
                    </pc:TextEquiv>
                </pc:Word>
                <pc:Word id="word-fcc218ad-d8f2-4e6d-a62d-81012582dc11">
                    <pc:Coords points="2382,1820 2461,1819 2461,1862 2382,1862"/>
                    <pc:TextEquiv>
                        <pc:Unicode>His</pc:Unicode>
                    </pc:TextEquiv>
                </pc:Word>
                <pc:Word id="word-d98ff55f-8c81-4019-a5fa-672fc610a683">
                    <pc:Coords points="2479,1821 2596,1821 2596,1863 2479,1863"/>
                    <pc:TextEquiv>
                        <pc:Unicode>word.</pc:Unicode>
                    </pc:TextEquiv>
                </pc:Word>
                <pc:TextEquiv>
                    <pc:Unicode>And faith stands leaning on His word.</pc:Unicode>
                </pc:TextEquiv>
            </pc:TextLine>
            <pc:TextLine id="line-0ea793e4-1e47-495f-b2bd-622dfdb9f786">
                <pc:Coords points="978,1919 1129,1919 1129,1994 978,1994"/>
                <pc:Word id="word-6c5da0a7-b471-4cea-b713-de4ea51583d1">
                    <pc:Coords points="978,1919 1129,1919 1129,1994 978,1994"/>
                    <pc:TextEquiv>
                        <pc:Unicode>171</pc:Unicode>
                    </pc:TextEquiv>
                </pc:Word>
                <pc:TextEquiv>
                    <pc:Unicode>171</pc:Unicode>
                </pc:TextEquiv>
            </pc:TextLine>
            <pc:TextLine id="line-b27c1f54-bfd7-44b5-a873-a2aca98ff6ac">
                <pc:Coords points="1476,1960 1669,1960 1669,1992 1476,1992"/>
                <pc:Word id="word-352e03ad-2979-44f8-901a-2bde99231234">
                    <pc:Coords points="1476,1960 1566,1960 1566,1990 1476,1990"/>
                    <pc:TextEquiv>
                        <pc:Unicode>Luke</pc:Unicode>
                    </pc:TextEquiv>
                </pc:Word>
                <pc:Word id="word-59775862-c1dd-48ca-9143-26e9f11017ed">
                    <pc:Coords points="1574,1962 1622,1962 1622,1992 1574,1992"/>
                    <pc:TextEquiv>
                        <pc:Unicode>11:</pc:Unicode>
                    </pc:TextEquiv>
                </pc:Word>
                <pc:Word id="word-e61901f9-5286-4852-9e94-0d90a50ef704">
                    <pc:Coords points="1640,1962 1669,1962 1669,1992 1640,1992"/>
                    <pc:TextEquiv>
                        <pc:Unicode>2.</pc:Unicode>
                    </pc:TextEquiv>
                </pc:Word>
                <pc:TextEquiv>
                    <pc:Unicode>Luke 11: 2.</pc:Unicode>
                </pc:TextEquiv>
            </pc:TextLine>
            <pc:TextLine id="line-5c2b66fa-1d1b-4b4e-a080-441d8466d49f">
                <pc:Coords points="1899,1960 2124,1960 2124,1994 1898,1994"/>
                <pc:Word id="word-73d40994-62f1-45ab-8bb4-2d724d7dd25a">
                    <pc:Coords points="1899,1960 1934,1960 1934,1992 1899,1992"/>
                    <pc:TextEquiv>
                        <pc:Unicode>C.</pc:Unicode>
                    </pc:TextEquiv>
                </pc:Word>
                <pc:Word id="word-8843b2cd-ea49-4171-bd70-9a186d065212">
                    <pc:Coords points="1952,1960 2124,1960 2124,1994 1952,1994"/>
                    <pc:TextEquiv>
                        <pc:Unicode>ELLIOTT.</pc:Unicode>
                    </pc:TextEquiv>
                </pc:Word>
                <pc:TextEquiv>
                    <pc:Unicode>C. ELLIOTT.</pc:Unicode>
                </pc:TextEquiv>
            </pc:TextLine>
            <pc:TextLine id="line-898aad01-20bc-4b78-a29d-20f571ac6bda">
                <pc:Coords points="477,2027 1286,2026 1286,2081 477,2082"/>
                <pc:Word id="word-6c1d9624-2cfd-4de8-9299-8eb3118d12f6">
                    <pc:Coords points="477,2030 502,2030 502,2071 477,2071"/>
                    <pc:TextEquiv>
                        <pc:Unicode>1</pc:Unicode>
                    </pc:TextEquiv>
                </pc:Word>
                <pc:Word id="word-3e4374fc-b1b4-4e62-a8c4-a6c7afdd4bce">
                    <pc:Coords points="531,2028 604,2028 604,2080 531,2080"/>
                    <pc:TextEquiv>
                        <pc:Unicode>My</pc:Unicode>
                    </pc:TextEquiv>
                </pc:Word>
                <pc:Word id="word-04ecb2c5-0ba9-4057-ae2c-0a964006fb37">
                    <pc:Coords points="624,2027 727,2027 727,2078 624,2078"/>
                    <pc:TextEquiv>
                        <pc:Unicode>God,</pc:Unicode>
                    </pc:TextEquiv>
                </pc:Word>
                <pc:Word id="word-a8d11e11-2f93-47c3-adb5-d62f5b8c3410">
                    <pc:Coords points="747,2039 811,2039 811,2079 747,2080"/>
                    <pc:TextEquiv>
                        <pc:Unicode>my</pc:Unicode>
                    </pc:TextEquiv>
                </pc:Word>
                <pc:Word id="word-18b4a8c3-f329-4b86-98e5-7d28c24ab50b">
                    <pc:Coords points="830,2027 990,2026 990,2077 830,2078"/>
                    <pc:TextEquiv>
                        <pc:Unicode>Father,</pc:Unicode>
                    </pc:TextEquiv>
                </pc:Word>
                <pc:Word id="word-483111aa-c776-4d8a-bf16-49c3fa943bbe">
                    <pc:Coords points="1006,2028 1118,2028 1118,2070 1006,2070"/>
                    <pc:TextEquiv>
                        <pc:Unicode>while</pc:Unicode>
                    </pc:TextEquiv>
                </pc:Word>
                <pc:Word id="word-5150ea23-a3cc-4a6f-b086-afc8cd675b43">
                    <pc:Coords points="1136,2028 1162,2028 1162,2071 1136,2071"/>
                    <pc:TextEquiv>
                        <pc:Unicode>I</pc:Unicode>
                    </pc:TextEquiv>
                </pc:Word>
                <pc:Word id="word-d82b290c-1c6e-4491-b163-b62ba290c0a5">
                    <pc:Coords points="1177,2033 1286,2033 1286,2081 1177,2081"/>
                    <pc:TextEquiv>
                        <pc:Unicode>stray</pc:Unicode>
                    </pc:TextEquiv>
                </pc:Word>
                <pc:TextEquiv>
                    <pc:Unicode>1 My God, my Father, while I stray</pc:Unicode>
                </pc:TextEquiv>
            </pc:TextLine>
            <pc:TextLine id="line-c6e159c0-3727-47cc-9291-8e546f052c2d">
                <pc:Coords points="1700,2030 2480,2030 2480,2083 1700,2083"/>
                <pc:Word id="word-a7095989-19ff-4e64-b2dc-c2f27a1c2aef">
                    <pc:Coords points="1700,2032 1728,2032 1728,2070 1700,2070"/>
                    <pc:TextEquiv>
                        <pc:Unicode>4</pc:Unicode>
                    </pc:TextEquiv>
                </pc:Word>
                <pc:Word id="word-b5893cd9-6295-4e64-8e3a-d958941eabb5">
                    <pc:Coords points="1756,2030 1800,2030 1800,2070 1756,2070"/>
                    <pc:TextEquiv>
                        <pc:Unicode>If</pc:Unicode>
                    </pc:TextEquiv>
                </pc:Word>
                <pc:Word id="word-226ea978-b3e8-41e0-8b5b-7cde84bda068">
                    <pc:Coords points="1823,2030 1897,2030 1897,2070 1823,2070"/>
                    <pc:TextEquiv>
                        <pc:Unicode>but</pc:Unicode>
                    </pc:TextEquiv>
                </pc:Word>
                <pc:Word id="word-86e69acd-2c5f-4ae1-8053-ee0a0840effa">
                    <pc:Coords points="1912,2041 1980,2041 1980,2081 1912,2081"/>
                    <pc:TextEquiv>
                        <pc:Unicode>my</pc:Unicode>
                    </pc:TextEquiv>
                </pc:Word>
                <pc:Word id="word-f79f58d1-7e38-4cc0-9838-eedf2f9a5070">
                    <pc:Coords points="1995,2030 2161,2030 2161,2083 1995,2083"/>
                    <pc:TextEquiv>
                        <pc:Unicode>fainting</pc:Unicode>
                    </pc:TextEquiv>
                </pc:Word>
                <pc:Word id="word-10198667-94ab-465f-8c0f-71323ac3323d">
                    <pc:Coords points="2178,2031 2293,2031 2293,2072 2178,2072"/>
                    <pc:TextEquiv>
                        <pc:Unicode>heart</pc:Unicode>
                    </pc:TextEquiv>
                </pc:Word>
                <pc:Word id="word-7adff435-1a9b-4dce-8fa6-4633868c1c07">
                    <pc:Coords points="2309,2032 2360,2032 2360,2072 2308,2072"/>
                    <pc:TextEquiv>
                        <pc:Unicode>be</pc:Unicode>
                    </pc:TextEquiv>
                </pc:Word>
                <pc:Word id="word-fe198958-3fa8-4424-af0e-716183c1f5b9">
                    <pc:Coords points="2376,2031 2480,2031 2480,2073 2376,2073"/>
                    <pc:TextEquiv>
                        <pc:Unicode>blest</pc:Unicode>
                    </pc:TextEquiv>
                </pc:Word>
                <pc:TextEquiv>
                    <pc:Unicode>4 If but my fainting heart be blest</pc:Unicode>
                </pc:TextEquiv>
            </pc:TextLine>
            <pc:TextLine id="line-23374b65-7f71-4f38-afbd-dc453395ff73">
                <pc:Coords points="531,2083 1399,2082 1399,2137 531,2137"/>
                <pc:Word id="word-7205e780-2652-4c34-9ea8-0b28efde701a">
                    <pc:Coords points="531,2083 614,2083 614,2124 531,2124"/>
                    <pc:TextEquiv>
                        <pc:Unicode>Far</pc:Unicode>
                    </pc:TextEquiv>
                </pc:Word>
                <pc:Word id="word-23dac410-3669-4433-8a3e-bfab7f4d29af">
                    <pc:Coords points="630,2083 730,2083 730,2123 630,2123"/>
                    <pc:TextEquiv>
                        <pc:Unicode>from</pc:Unicode>
                    </pc:TextEquiv>
                </pc:Word>
                <pc:Word id="word-2d24efa1-d7d8-4612-b3ac-27846bd9e527">
                    <pc:Coords points="746,2094 813,2094 813,2134 746,2134"/>
                    <pc:TextEquiv>
                        <pc:Unicode>my</pc:Unicode>
                    </pc:TextEquiv>
                </pc:Word>
                <pc:Word id="word-b6a3d311-ebe1-415f-9710-9e924384a6c9">
                    <pc:Coords points="830,2082 954,2082 954,2134 830,2134"/>
                    <pc:TextEquiv>
                        <pc:Unicode>home,</pc:Unicode>
                    </pc:TextEquiv>
                </pc:Word>
                <pc:Word id="word-b3d26b14-e35b-4465-9478-885faacf4998">
                    <pc:Coords points="974,2095 1026,2095 1026,2124 974,2124"/>
                    <pc:TextEquiv>
                        <pc:Unicode>on</pc:Unicode>
                    </pc:TextEquiv>
                </pc:Word>
                <pc:Word id="word-924a2961-d397-4372-a4b4-3ad78f4423cc">
                    <pc:Coords points="1042,2083 1140,2083 1140,2124 1042,2124"/>
                    <pc:TextEquiv>
                        <pc:Unicode>life's</pc:Unicode>
                    </pc:TextEquiv>
                </pc:Word>
                <pc:Word id="word-a684fd70-cd52-4b20-98b8-53d4a79d03c3">
                    <pc:Coords points="1155,2085 1283,2085 1283,2137 1155,2137"/>
                    <pc:TextEquiv>
                        <pc:Unicode>rough</pc:Unicode>
                    </pc:TextEquiv>
                </pc:Word>
                <pc:Word id="word-df8c4a24-99a6-49af-bb41-d0d2c637ed77">
                    <pc:Coords points="1300,2097 1399,2097 1399,2137 1300,2137"/>
                    <pc:TextEquiv>
                        <pc:Unicode>way,</pc:Unicode>
                    </pc:TextEquiv>
                </pc:Word>
                <pc:TextEquiv>
                    <pc:Unicode>Far from my home, on life's rough way,</pc:Unicode>
                </pc:TextEquiv>
            </pc:TextLine>
            <pc:TextLine id="line-9d7df431-83d3-4142-9f47-9873442e0bea">
                <pc:Coords points="1756,2083 2536,2083 2535,2139 1755,2140"/>
                <pc:Word id="word-8f14c2d5-36e2-462d-a5cd-1e0c92c06f21">
                    <pc:Coords points="1756,2083 1871,2083 1871,2125 1755,2125"/>
                    <pc:TextEquiv>
                        <pc:Unicode>With</pc:Unicode>
                    </pc:TextEquiv>
                </pc:Word>
                <pc:Word id="word-03cfce73-1edf-4bd7-bb20-a5df5d1517e5">
                    <pc:Coords points="1882,2084 1970,2084 1970,2137 1882,2137"/>
                    <pc:TextEquiv>
                        <pc:Unicode>Thy</pc:Unicode>
                    </pc:TextEquiv>
                </pc:Word>
                <pc:Word id="word-396857b5-a2c6-48a3-b9de-31ffcbcaa659">
                    <pc:Coords points="1987,2089 2107,2089 2106,2127 1987,2127"/>
                    <pc:TextEquiv>
                        <pc:Unicode>sweet</pc:Unicode>
                    </pc:TextEquiv>
                </pc:Word>
                <pc:Word id="word-4ee3f49f-e9bb-404e-91ef-f3e60bb7d5ad">
                    <pc:Coords points="2123,2085 2248,2085 2248,2137 2123,2137"/>
                    <pc:TextEquiv>
                        <pc:Unicode>Spirit</pc:Unicode>
                    </pc:TextEquiv>
                </pc:Word>
                <pc:Word id="word-9b8899c5-a6e3-41dd-bb66-051c63c4a747">
                    <pc:Coords points="2264,2087 2326,2086 2326,2128 2264,2128"/>
                    <pc:TextEquiv>
                        <pc:Unicode>for</pc:Unicode>
                    </pc:TextEquiv>
                </pc:Word>
                <pc:Word id="word-4ed455eb-29fb-4b0c-a312-e6b8080967ca">
                    <pc:Coords points="2341,2087 2395,2087 2395,2128 2341,2128"/>
                    <pc:TextEquiv>
                        <pc:Unicode>its</pc:Unicode>
                    </pc:TextEquiv>
                </pc:Word>
                <pc:Word id="word-0c8235f2-c944-40ca-a696-14ca8e510087">
                    <pc:Coords points="2411,2091 2536,2091 2535,2139 2411,2140"/>
                    <pc:TextEquiv>
                        <pc:Unicode>guest,</pc:Unicode>
                    </pc:TextEquiv>
                </pc:Word>
                <pc:TextEquiv>
                    <pc:Unicode>With Thy sweet Spirit for its guest,</pc:Unicode>
                </pc:TextEquiv>
            </pc:TextLine>
            <pc:TextLine id="line-43d90847-7a1f-461b-b206-c24a9a3f310d">
                <pc:Coords points="532,2138 1318,2137 1318,2193 532,2193"/>
                <pc:Word id="word-bba90437-dd86-488a-b10d-2061960ed4db">
                    <pc:Coords points="532,2138 608,2138 608,2187 532,2187"/>
                    <pc:TextEquiv>
                        <pc:Unicode>Oh,</pc:Unicode>
                    </pc:TextEquiv>
                </pc:Word>
                <pc:Word id="word-f3b54969-9998-46b9-8e2d-fc4c379669ec">
                    <pc:Coords points="630,2139 744,2139 744,2179 629,2180"/>
                    <pc:TextEquiv>
                        <pc:Unicode>teach</pc:Unicode>
                    </pc:TextEquiv>
                </pc:Word>
                <pc:Word id="word-29b189af-0777-4c8e-b857-09fe00a784a4">
                    <pc:Coords points="762,2149 824,2149 824,2179 762,2179"/>
                    <pc:TextEquiv>
                        <pc:Unicode>me</pc:Unicode>
                    </pc:TextEquiv>
                </pc:Word>
                <pc:Word id="word-7c724367-7968-4f5b-beac-68fdb99308c4">
                    <pc:Coords points="844,2139 943,2139 943,2179 844,2179"/>
                    <pc:TextEquiv>
                        <pc:Unicode>from</pc:Unicode>
                    </pc:TextEquiv>
                </pc:Word>
                <pc:Word id="word-bf4a7105-6ff5-403e-a9d9-a335c110aa7d">
                    <pc:Coords points="959,2150 1024,2150 1024,2190 959,2190"/>
                    <pc:TextEquiv>
                        <pc:Unicode>my</pc:Unicode>
                    </pc:TextEquiv>
                </pc:Word>
                <pc:Word id="word-b12436d8-a022-453f-9bf8-42111b031a9c">
                    <pc:Coords points="1043,2139 1158,2139 1158,2180 1043,2180"/>
                    <pc:TextEquiv>
                        <pc:Unicode>heart</pc:Unicode>
                    </pc:TextEquiv>
                </pc:Word>
                <pc:Word id="word-99b90303-6570-4e02-82b0-8d2cc0cdbc8f">
                    <pc:Coords points="1173,2143 1218,2143 1218,2180 1173,2180"/>
                    <pc:TextEquiv>
                        <pc:Unicode>to</pc:Unicode>
                    </pc:TextEquiv>
                </pc:Word>
                <pc:Word id="word-0c2115f9-d530-44ea-8806-907d00ec9653">
                    <pc:Coords points="1235,2151 1318,2151 1318,2193 1235,2193"/>
                    <pc:TextEquiv>
                        <pc:Unicode>say,</pc:Unicode>
                    </pc:TextEquiv>
                </pc:Word>
                <pc:TextEquiv>
                    <pc:Unicode>Oh, teach me from my heart to say,</pc:Unicode>
                </pc:TextEquiv>
            </pc:TextLine>
            <pc:TextLine id="line-8fda0b6c-3f4c-4b98-8530-d203314dbfd2">
                <pc:Coords points="1756,2139 2510,2139 2510,2194 1756,2194"/>
                <pc:Word id="word-d202c6c3-54e1-47c5-9f4a-20fa55917ded">
                    <pc:Coords points="1756,2140 1829,2140 1829,2191 1756,2191"/>
                    <pc:TextEquiv>
                        <pc:Unicode>My</pc:Unicode>
                    </pc:TextEquiv>
                </pc:Word>
                <pc:Word id="word-35dab3d0-0811-410d-9a67-eafbf6acb366">
                    <pc:Coords points="1851,2139 1953,2139 1953,2190 1851,2190"/>
                    <pc:TextEquiv>
                        <pc:Unicode>God,</pc:Unicode>
                    </pc:TextEquiv>
                </pc:Word>
                <pc:Word id="word-1b818eab-7a8d-47e8-8c3e-a01a87673df1">
                    <pc:Coords points="1973,2144 2018,2144 2018,2181 1973,2181"/>
                    <pc:TextEquiv>
                        <pc:Unicode>to</pc:Unicode>
                    </pc:TextEquiv>
                </pc:Word>
                <pc:Word id="word-ddf7762f-6031-4532-83ac-d22e23eb527d">
                    <pc:Coords points="2034,2141 2143,2141 2143,2182 2034,2182"/>
                    <pc:TextEquiv>
                        <pc:Unicode>Thee</pc:Unicode>
                    </pc:TextEquiv>
                </pc:Word>
                <pc:Word id="word-1550df49-2834-4baa-a9fb-9ef4b6966040">
                    <pc:Coords points="2160,2142 2187,2142 2187,2182 2160,2182"/>
                    <pc:TextEquiv>
                        <pc:Unicode>I</pc:Unicode>
                    </pc:TextEquiv>
                </pc:Word>
                <pc:Word id="word-6d8013cf-5bfe-49ba-b1f2-25bbc2a8d76b">
                    <pc:Coords points="2197,2142 2308,2142 2308,2183 2196,2183"/>
                    <pc:TextEquiv>
                        <pc:Unicode>leave</pc:Unicode>
                    </pc:TextEquiv>
                </pc:Word>
                <pc:Word id="word-34c384ef-fa33-4074-a08c-26081fedd135">
                    <pc:Coords points="2325,2143 2395,2143 2395,2184 2325,2184"/>
                    <pc:TextEquiv>
                        <pc:Unicode>the</pc:Unicode>
                    </pc:TextEquiv>
                </pc:Word>
                <pc:Word id="word-d38510f7-794c-4770-9a33-03875fbadfa5">
                    <pc:Coords points="2412,2145 2510,2145 2510,2194 2412,2194"/>
                    <pc:TextEquiv>
                        <pc:Unicode>rest;</pc:Unicode>
                    </pc:TextEquiv>
                </pc:Word>
                <pc:TextEquiv>
                    <pc:Unicode>My God, to Thee I leave the rest;</pc:Unicode>
                </pc:TextEquiv>
            </pc:TextLine>
            <pc:TextLine id="line-11c9b607-d040-4f1e-973e-531eec0c7c84">
                <pc:Coords points="534,2193 1372,2192 1372,2245 534,2246"/>
                <pc:Word id="word-bd5b1592-3e39-4ac1-a3c5-a915e2296993">
                    <pc:Coords points="534,2193 653,2193 653,2246 534,2246"/>
                    <pc:TextEquiv>
                        <pc:Unicode>"Thy</pc:Unicode>
                    </pc:TextEquiv>
                </pc:Word>
                <pc:Word id="word-840e516e-ffb2-4f8a-9ca8-48ba67b001b0">
                    <pc:Coords points="667,2193 745,2193 745,2234 667,2234"/>
                    <pc:TextEquiv>
                        <pc:Unicode>will</pc:Unicode>
                    </pc:TextEquiv>
                </pc:Word>
                <pc:Word id="word-5f9291b6-eb06-4535-a16e-09cebd0f20e6">
                    <pc:Coords points="769,2194 817,2194 817,2234 769,2234"/>
                    <pc:TextEquiv>
                        <pc:Unicode>be</pc:Unicode>
                    </pc:TextEquiv>
                </pc:Word>
                <pc:Word id="word-3d4a5b84-210c-40b6-9a36-c23e36894cdf">
                    <pc:Coords points="836,2194 947,2194 947,2244 836,2244"/>
                    <pc:TextEquiv>
                        <pc:Unicode>done,</pc:Unicode>
                    </pc:TextEquiv>
                </pc:Word>
                <pc:Word id="word-833c1e33-4fb4-43a9-bcc7-52e17958c3bf">
                    <pc:Coords points="967,2193 1055,2193 1055,2245 967,2246"/>
                    <pc:TextEquiv>
                        <pc:Unicode>Thy</pc:Unicode>
                    </pc:TextEquiv>
                </pc:Word>
                <pc:Word id="word-953fbcf9-a361-4e9b-8b4d-fe02699a2b79">
                    <pc:Coords points="1072,2193 1151,2193 1151,2235 1072,2235"/>
                    <pc:TextEquiv>
                        <pc:Unicode>will</pc:Unicode>
                    </pc:TextEquiv>
                </pc:Word>
                <pc:Word id="word-e95f5716-4dcc-42a3-801e-f1f56841e0d1">
                    <pc:Coords points="1169,2195 1218,2195 1218,2235 1169,2235"/>
                    <pc:TextEquiv>
                        <pc:Unicode>be</pc:Unicode>
                    </pc:TextEquiv>
                </pc:Word>
                <pc:Word id="word-e7e48e88-c2f9-46f5-bcab-f2721fae5fef">
                    <pc:Coords points="1231,2194 1372,2194 1372,2237 1231,2237"/>
                    <pc:TextEquiv>
                        <pc:Unicode>done!"</pc:Unicode>
                    </pc:TextEquiv>
                </pc:Word>
                <pc:TextEquiv>
                    <pc:Unicode>"Thy will be done, Thy will be done!"</pc:Unicode>
                </pc:TextEquiv>
            </pc:TextLine>
            <pc:TextLine id="line-bb3bab49-a1ba-4afe-a568-1f2e58efcc5d">
                <pc:Coords points="1764,2194 2609,2194 2609,2249 1764,2250"/>
                <pc:Word id="word-7fc032d8-0144-47ea-a48e-3eda95803af4">
                    <pc:Coords points="1764,2194 1879,2194 1879,2247 1764,2247"/>
                    <pc:TextEquiv>
                        <pc:Unicode>"Thy</pc:Unicode>
                    </pc:TextEquiv>
                </pc:Word>
                <pc:Word id="word-ebc17f93-40c3-494d-baea-e2ec41b35805">
                    <pc:Coords points="1897,2195 1973,2195 1973,2237 1897,2237"/>
                    <pc:TextEquiv>
                        <pc:Unicode>will</pc:Unicode>
                    </pc:TextEquiv>
                </pc:Word>
                <pc:Word id="word-a6e1b372-e12d-47e8-b305-73d5e4f35094">
                    <pc:Coords points="1992,2196 2043,2196 2042,2237 1992,2237"/>
                    <pc:TextEquiv>
                        <pc:Unicode>be</pc:Unicode>
                    </pc:TextEquiv>
                </pc:Word>
                <pc:Word id="word-52087c4f-7766-455a-996c-c5760ad02737">
                    <pc:Coords points="2060,2196 2171,2196 2171,2248 2060,2248"/>
                    <pc:TextEquiv>
                        <pc:Unicode>done,</pc:Unicode>
                    </pc:TextEquiv>
                </pc:Word>
                <pc:Word id="word-e4d8e719-434a-46fd-b6fd-9fa120b00764">
                    <pc:Coords points="2189,2196 2278,2196 2278,2249 2189,2249"/>
                    <pc:TextEquiv>
                        <pc:Unicode>Thy</pc:Unicode>
                    </pc:TextEquiv>
                </pc:Word>
                <pc:Word id="word-d86a4665-3a14-4a33-b198-a980b36c41a5">
                    <pc:Coords points="2296,2197 2374,2197 2374,2239 2296,2239"/>
                    <pc:TextEquiv>
                        <pc:Unicode>will</pc:Unicode>
                    </pc:TextEquiv>
                </pc:Word>
                <pc:Word id="word-fd98180f-167f-4737-9ace-81bc2306eadd">
                    <pc:Coords points="2391,2198 2441,2198 2441,2239 2391,2239"/>
                    <pc:TextEquiv>
                        <pc:Unicode>be</pc:Unicode>
                    </pc:TextEquiv>
                </pc:Word>
                <pc:Word id="word-4e9dfe4a-e988-4baa-bb72-8cb7f9f34b21">
                    <pc:Coords points="2459,2198 2609,2198 2609,2240 2459,2240"/>
                    <pc:TextEquiv>
                        <pc:Unicode>done!"</pc:Unicode>
                    </pc:TextEquiv>
                </pc:Word>
                <pc:TextEquiv>
                    <pc:Unicode>"Thy will be done, Thy will be done!"</pc:Unicode>
                </pc:TextEquiv>
            </pc:TextLine>
            <pc:TextLine id="line-c5af5012-92cf-4b41-b85b-7a9a3298ba3d">
                <pc:Coords points="475,2315 1289,2315 1289,2369 475,2369"/>
                <pc:Word id="word-b72e1171-122a-4f1b-9374-67e1c1ecf827">
                    <pc:Coords points="475,2318 503,2318 503,2357 475,2357"/>
                    <pc:TextEquiv>
                        <pc:Unicode>2</pc:Unicode>
                    </pc:TextEquiv>
                </pc:Word>
                <pc:Word id="word-d2e6307e-f3bd-4ea7-b4f4-c5ef715c5ddd">
                    <pc:Coords points="532,2315 661,2315 661,2357 532,2357"/>
                    <pc:TextEquiv>
                        <pc:Unicode>What</pc:Unicode>
                    </pc:TextEquiv>
                </pc:Word>
                <pc:Word id="word-99a09cd8-f992-4dce-99f0-001cc04314d6">
                    <pc:Coords points="676,2316 828,2316 828,2368 676,2368"/>
                    <pc:TextEquiv>
                        <pc:Unicode>though</pc:Unicode>
                    </pc:TextEquiv>
                </pc:Word>
                <pc:Word id="word-8bcbad78-9550-4134-927e-c941115ffa72">
                    <pc:Coords points="842,2316 884,2316 884,2356 841,2356"/>
                    <pc:TextEquiv>
                        <pc:Unicode>in</pc:Unicode>
                    </pc:TextEquiv>
                </pc:Word>
                <pc:Word id="word-79bede7d-7fe3-415a-8870-558a0c9621ef">
                    <pc:Coords points="899,2315 1027,2315 1027,2368 899,2369"/>
                    <pc:TextEquiv>
                        <pc:Unicode>lonely</pc:Unicode>
                    </pc:TextEquiv>
                </pc:Word>
                <pc:Word id="word-9913bd09-63fe-41f9-b602-320ca3b85f75">
                    <pc:Coords points="1044,2316 1149,2316 1149,2368 1043,2368"/>
                    <pc:TextEquiv>
                        <pc:Unicode>grief</pc:Unicode>
                    </pc:TextEquiv>
                </pc:Word>
                <pc:Word id="word-831c319f-a429-4e69-9626-a72745d90944">
                    <pc:Coords points="1160,2316 1187,2316 1187,2358 1160,2358"/>
                    <pc:TextEquiv>
                        <pc:Unicode>I</pc:Unicode>
                    </pc:TextEquiv>
                </pc:Word>
                <pc:Word id="word-c55e5494-5eb6-491f-949c-ddde948b8759">
                    <pc:Coords points="1202,2317 1289,2317 1289,2369 1202,2369"/>
                    <pc:TextEquiv>
                        <pc:Unicode>sigh</pc:Unicode>
                    </pc:TextEquiv>
                </pc:Word>
                <pc:TextEquiv>
                    <pc:Unicode>2 What though in lonely grief I sigh</pc:Unicode>
                </pc:TextEquiv>
            </pc:TextLine>
            <pc:TextLine id="line-403e0b8f-26e3-4f3f-9486-fa494aa16deb">
                <pc:Coords points="1699,2317 2463,2316 2463,2374 1699,2374"/>
                <pc:Word id="word-63ddefad-d46b-4ba0-87dd-d0e2ceee7973">
                    <pc:Coords points="1699,2317 1726,2317 1725,2359 1699,2359"/>
                    <pc:TextEquiv>
                        <pc:Unicode>5</pc:Unicode>
                    </pc:TextEquiv>
                </pc:Word>
                <pc:Word id="word-3849aec5-da05-4da1-8bc2-bd3547711776">
                    <pc:Coords points="1755,2317 1902,2316 1902,2359 1755,2359"/>
                    <pc:TextEquiv>
                        <pc:Unicode>Renew</pc:Unicode>
                    </pc:TextEquiv>
                </pc:Word>
                <pc:Word id="word-d5c62023-3388-4916-a218-b5cf0db6cfbb">
                    <pc:Coords points="1919,2330 1984,2330 1984,2370 1919,2370"/>
                    <pc:TextEquiv>
                        <pc:Unicode>my</pc:Unicode>
                    </pc:TextEquiv>
                </pc:Word>
                <pc:Word id="word-f9e5edfa-148e-4d15-9f49-8ebd44afd6b0">
                    <pc:Coords points="2003,2318 2080,2318 2080,2360 2003,2360"/>
                    <pc:TextEquiv>
                        <pc:Unicode>will</pc:Unicode>
                    </pc:TextEquiv>
                </pc:Word>
                <pc:Word id="word-8d142a99-a039-4327-9136-853e76c4b9af">
                    <pc:Coords points="2096,2319 2196,2319 2196,2361 2096,2361"/>
                    <pc:TextEquiv>
                        <pc:Unicode>from</pc:Unicode>
                    </pc:TextEquiv>
                </pc:Word>
                <pc:Word id="word-296ed0c9-51d3-49a7-9e1b-b73f5dfea263">
                    <pc:Coords points="2213,2320 2291,2319 2291,2372 2213,2373"/>
                    <pc:TextEquiv>
                        <pc:Unicode>day</pc:Unicode>
                    </pc:TextEquiv>
                </pc:Word>
                <pc:Word id="word-e3285658-2756-4b0c-8bf9-7ef94303c0c2">
                    <pc:Coords points="2309,2323 2353,2323 2353,2362 2309,2362"/>
                    <pc:TextEquiv>
                        <pc:Unicode>to</pc:Unicode>
                    </pc:TextEquiv>
                </pc:Word>
                <pc:Word id="word-e9de30b0-9431-454b-850b-963da479f108">
                    <pc:Coords points="2367,2319 2463,2319 2463,2374 2367,2374"/>
                    <pc:TextEquiv>
                        <pc:Unicode>day;</pc:Unicode>
                    </pc:TextEquiv>
                </pc:Word>
                <pc:TextEquiv>
                    <pc:Unicode>5 Renew my will from day to day;</pc:Unicode>
                </pc:TextEquiv>
            </pc:TextLine>
            <pc:TextLine id="line-a5dc4a45-37c6-4c19-a55d-f51788a99f86">
                <pc:Coords points="529,2371 1301,2370 1301,2426 529,2427"/>
                <pc:Word id="word-47ab6254-b2b6-47ad-8ef5-8dd38125aa47">
                    <pc:Coords points="529,2371 610,2371 610,2413 529,2413"/>
                    <pc:TextEquiv>
                        <pc:Unicode>For</pc:Unicode>
                    </pc:TextEquiv>
                </pc:Word>
                <pc:Word id="word-e4ef8ae7-da98-4b84-93ba-a6b402ce0aa2">
                    <pc:Coords points="627,2371 770,2371 770,2413 627,2413"/>
                    <pc:TextEquiv>
                        <pc:Unicode>friends</pc:Unicode>
                    </pc:TextEquiv>
                </pc:Word>
                <pc:Word id="word-a055d83e-94e9-4152-921e-32dbf2bf610b">
                    <pc:Coords points="788,2371 952,2371 952,2415 788,2415"/>
                    <pc:TextEquiv>
                        <pc:Unicode>beloved</pc:Unicode>
                    </pc:TextEquiv>
                </pc:Word>
                <pc:Word id="word-22189ed0-89fc-4868-8bc2-6e972cec7dc4">
                    <pc:Coords points="969,2383 1022,2383 1022,2412 969,2412"/>
                    <pc:TextEquiv>
                        <pc:Unicode>no</pc:Unicode>
                    </pc:TextEquiv>
                </pc:Word>
                <pc:Word id="word-a541faed-5641-4b51-b5a7-694ef1ae28e5">
                    <pc:Coords points="1038,2372 1173,2371 1173,2425 1038,2425"/>
                    <pc:TextEquiv>
                        <pc:Unicode>longer</pc:Unicode>
                    </pc:TextEquiv>
                </pc:Word>
                <pc:Word id="word-ee7e884d-36ed-4344-8db3-e74a6595fb21">
                    <pc:Coords points="1188,2372 1301,2372 1301,2426 1188,2427"/>
                    <pc:TextEquiv>
                        <pc:Unicode>nigh;</pc:Unicode>
                    </pc:TextEquiv>
                </pc:Word>
                <pc:TextEquiv>
                    <pc:Unicode>For friends beloved no longer nigh;</pc:Unicode>
                </pc:TextEquiv>
            </pc:TextLine>
            <pc:TextLine id="line-c7058dc3-cf11-4b23-8f00-f55e940a0fb3">
                <pc:Coords points="1754,2373 2535,2373 2535,2428 1754,2429"/>
                <pc:Word id="word-6208ba68-7aed-4c2d-9213-3db7869faf7c">
                    <pc:Coords points="1754,2373 1881,2373 1881,2415 1754,2415"/>
                    <pc:TextEquiv>
                        <pc:Unicode>Blend</pc:Unicode>
                    </pc:TextEquiv>
                </pc:Word>
                <pc:Word id="word-8ac43b32-015b-46d6-9ee2-dd9fcde63d79">
                    <pc:Coords points="1898,2374 1933,2374 1933,2414 1897,2414"/>
                    <pc:TextEquiv>
                        <pc:Unicode>it</pc:Unicode>
                    </pc:TextEquiv>
                </pc:Word>
                <pc:Word id="word-5126c188-de36-40f8-87b0-3094386021e2">
                    <pc:Coords points="1949,2374 2044,2374 2044,2414 1949,2415"/>
                    <pc:TextEquiv>
                        <pc:Unicode>with</pc:Unicode>
                    </pc:TextEquiv>
                </pc:Word>
                <pc:Word id="word-e1e50c46-88a5-4c7e-9252-c3b2c4868259">
                    <pc:Coords points="2060,2374 2194,2374 2194,2426 2060,2426"/>
                    <pc:TextEquiv>
                        <pc:Unicode>Thine,</pc:Unicode>
                    </pc:TextEquiv>
                </pc:Word>
                <pc:Word id="word-0eac99a6-1869-4dc5-9236-1ef5e77d42c8">
                    <pc:Coords points="2215,2376 2294,2376 2294,2416 2215,2416"/>
                    <pc:TextEquiv>
                        <pc:Unicode>and</pc:Unicode>
                    </pc:TextEquiv>
                </pc:Word>
                <pc:Word id="word-e7b9b368-70a4-4804-96f4-80d54e6edf39">
                    <pc:Coords points="2312,2376 2406,2376 2406,2417 2311,2417"/>
                    <pc:TextEquiv>
                        <pc:Unicode>take</pc:Unicode>
                    </pc:TextEquiv>
                </pc:Word>
                <pc:Word id="word-49fa7fcc-1868-4753-8569-aa478196c6a0">
                    <pc:Coords points="2424,2388 2535,2388 2535,2428 2424,2428"/>
                    <pc:TextEquiv>
                        <pc:Unicode>away</pc:Unicode>
                    </pc:TextEquiv>
                </pc:Word>
                <pc:TextEquiv>
                    <pc:Unicode>Blend it with Thine, and take away</pc:Unicode>
                </pc:TextEquiv>
            </pc:TextLine>
            <pc:TextLine id="line-0a803974-4ebf-408e-a07d-4b921325ae4d">
                <pc:Coords points="529,2426 1190,2426 1190,2480 529,2481"/>
                <pc:Word id="word-d60a1c56-d9d3-4604-bf4e-e1af3093db88">
                    <pc:Coords points="529,2426 762,2426 762,2467 529,2467"/>
                    <pc:TextEquiv>
                        <pc:Unicode>Submissive</pc:Unicode>
                    </pc:TextEquiv>
                </pc:Word>
                <pc:Word id="word-f8fe7d2b-5cab-410b-89cb-1b9a52c035ed">
                    <pc:Coords points="783,2426 863,2426 863,2467 783,2467"/>
                    <pc:TextEquiv>
                        <pc:Unicode>still</pc:Unicode>
                    </pc:TextEquiv>
                </pc:Word>
                <pc:Word id="word-9b6b80d8-8212-455c-af4c-6d2e172f6fb1">
                    <pc:Coords points="882,2426 1009,2426 1009,2468 882,2468"/>
                    <pc:TextEquiv>
                        <pc:Unicode>would</pc:Unicode>
                    </pc:TextEquiv>
                </pc:Word>
                <pc:Word id="word-1a56ede2-c217-47fe-a3f2-b7970744d819">
                    <pc:Coords points="1026,2426 1053,2426 1053,2467 1026,2467"/>
                    <pc:TextEquiv>
                        <pc:Unicode>I</pc:Unicode>
                    </pc:TextEquiv>
                </pc:Word>
                <pc:Word id="word-a00f80c2-16a2-4cdd-8c10-0fd71b615645">
                    <pc:Coords points="1068,2427 1190,2427 1190,2480 1068,2480"/>
                    <pc:TextEquiv>
                        <pc:Unicode>reply,</pc:Unicode>
                    </pc:TextEquiv>
                </pc:Word>
                <pc:TextEquiv>
                    <pc:Unicode>Submissive still would I reply,</pc:Unicode>
                </pc:TextEquiv>
            </pc:TextLine>
            <pc:TextLine id="line-8c4b957a-738a-4a90-96e4-252a1c308991">
                <pc:Coords points="1754,2429 2530,2428 2530,2484 1754,2484"/>
                <pc:Word id="word-8ca25f77-8376-4528-9110-09cf18f432d0">
                    <pc:Coords points="1754,2429 1958,2429 1958,2470 1754,2470"/>
                    <pc:TextEquiv>
                        <pc:Unicode>Whate'er</pc:Unicode>
                    </pc:TextEquiv>
                </pc:Word>
                <pc:Word id="word-9a90b304-3866-4acb-a112-bc436545cedb">
                    <pc:Coords points="1970,2441 2057,2441 2057,2470 1970,2470"/>
                    <pc:TextEquiv>
                        <pc:Unicode>now</pc:Unicode>
                    </pc:TextEquiv>
                </pc:Word>
                <pc:Word id="word-09efd4a1-6a64-48f5-b5e6-2f37fc5f312b">
                    <pc:Coords points="2070,2430 2204,2430 2204,2471 2069,2471"/>
                    <pc:TextEquiv>
                        <pc:Unicode>makes</pc:Unicode>
                    </pc:TextEquiv>
                </pc:Word>
                <pc:Word id="word-1409e64a-06e5-48ed-9a79-08f8f38942ee">
                    <pc:Coords points="2219,2431 2254,2431 2254,2471 2219,2471"/>
                    <pc:TextEquiv>
                        <pc:Unicode>it</pc:Unicode>
                    </pc:TextEquiv>
                </pc:Word>
                <pc:Word id="word-d7e78662-2483-4e78-bd8e-72c68e703cf1">
                    <pc:Coords points="2271,2430 2370,2430 2370,2472 2271,2472"/>
                    <pc:TextEquiv>
                        <pc:Unicode>hard</pc:Unicode>
                    </pc:TextEquiv>
                </pc:Word>
                <pc:Word id="word-eddba19a-e183-42d0-91ce-4fc6917e9ebd">
                    <pc:Coords points="2388,2434 2433,2434 2433,2472 2388,2472"/>
                    <pc:TextEquiv>
                        <pc:Unicode>to</pc:Unicode>
                    </pc:TextEquiv>
                </pc:Word>
                <pc:Word id="word-fee02366-aefc-40bf-bc7a-c2fec04240b5">
                    <pc:Coords points="2449,2442 2530,2442 2530,2484 2448,2484"/>
                    <pc:TextEquiv>
                        <pc:Unicode>say,</pc:Unicode>
                    </pc:TextEquiv>
                </pc:Word>
                <pc:TextEquiv>
                    <pc:Unicode>Whate'er now makes it hard to say,</pc:Unicode>
                </pc:TextEquiv>
            </pc:TextLine>
            <pc:TextLine id="line-194e8e66-c9de-400d-95d5-6b2c60e16e9d">
                <pc:Coords points="533,2481 1373,2480 1373,2534 533,2535"/>
                <pc:Word id="word-11b7e03c-851d-404a-8882-d73032cd4001">
                    <pc:Coords points="533,2481 655,2481 655,2534 533,2534"/>
                    <pc:TextEquiv>
                        <pc:Unicode>"Thy</pc:Unicode>
                    </pc:TextEquiv>
                </pc:Word>
                <pc:Word id="word-fef6dbc7-cd7d-4f50-80bd-4605992cdfc8">
                    <pc:Coords points="672,2482 748,2482 748,2522 672,2522"/>
                    <pc:TextEquiv>
                        <pc:Unicode>will</pc:Unicode>
                    </pc:TextEquiv>
                </pc:Word>
                <pc:Word id="word-4d5e8fcf-2a0a-439c-a750-625c440ae06a">
                    <pc:Coords points="768,2482 818,2482 818,2523 768,2523"/>
                    <pc:TextEquiv>
                        <pc:Unicode>be</pc:Unicode>
                    </pc:TextEquiv>
                </pc:Word>
                <pc:Word id="word-d94f18ca-ab4a-431e-9928-a86610e48fa0">
                    <pc:Coords points="836,2482 947,2482 947,2533 836,2533"/>
                    <pc:TextEquiv>
                        <pc:Unicode>done,</pc:Unicode>
                    </pc:TextEquiv>
                </pc:Word>
                <pc:Word id="word-69e18afd-0b2e-4ba9-ba47-8489b15036d1">
                    <pc:Coords points="967,2482 1054,2482 1054,2534 967,2534"/>
                    <pc:TextEquiv>
                        <pc:Unicode>Thy</pc:Unicode>
                    </pc:TextEquiv>
                </pc:Word>
                <pc:Word id="word-c4d4c0cc-f46c-49ab-b953-a347d347fa62">
                    <pc:Coords points="1072,2483 1149,2483 1149,2523 1072,2523"/>
                    <pc:TextEquiv>
                        <pc:Unicode>will</pc:Unicode>
                    </pc:TextEquiv>
                </pc:Word>
                <pc:Word id="word-db7947f9-c87e-4cc7-8fcd-ba32ff228373">
                    <pc:Coords points="1168,2484 1216,2484 1216,2523 1168,2523"/>
                    <pc:TextEquiv>
                        <pc:Unicode>be</pc:Unicode>
                    </pc:TextEquiv>
                </pc:Word>
                <pc:Word id="word-66c25797-01f5-4434-890f-29407ec45d8c">
                    <pc:Coords points="1234,2483 1373,2483 1373,2525 1234,2525"/>
                    <pc:TextEquiv>
                        <pc:Unicode>done!"</pc:Unicode>
                    </pc:TextEquiv>
                </pc:Word>
                <pc:TextEquiv>
                    <pc:Unicode>"Thy will be done, Thy will be done!"</pc:Unicode>
                </pc:TextEquiv>
            </pc:TextLine>
            <pc:TextLine id="line-525fc899-e9ef-4250-b39b-a2e729d80fae">
                <pc:Coords points="1781,2484 2599,2483 2599,2537 1780,2537"/>
                <pc:Word id="word-49980537-19ed-48c1-b3d7-e69c69364b27">
                    <pc:Coords points="1781,2484 1881,2484 1881,2537 1780,2537"/>
                    <pc:TextEquiv>
                        <pc:Unicode>Thy</pc:Unicode>
                    </pc:TextEquiv>
                </pc:Word>
                <pc:Word id="word-12dc645a-79af-4478-b057-498fc1ce6b4a">
                    <pc:Coords points="1898,2485 1975,2485 1975,2525 1898,2525"/>
                    <pc:TextEquiv>
                        <pc:Unicode>will</pc:Unicode>
                    </pc:TextEquiv>
                </pc:Word>
                <pc:Word id="word-25e62f73-e6a7-4b88-ae73-c9de52dff8cf">
                    <pc:Coords points="1993,2486 2041,2486 2041,2525 1993,2525"/>
                    <pc:TextEquiv>
                        <pc:Unicode>be</pc:Unicode>
                    </pc:TextEquiv>
                </pc:Word>
                <pc:Word id="word-ad7d8141-7f96-4e40-8cc0-73f8c0d971ab">
                    <pc:Coords points="2059,2485 2170,2485 2170,2536 2059,2536"/>
                    <pc:TextEquiv>
                        <pc:Unicode>done,</pc:Unicode>
                    </pc:TextEquiv>
                </pc:Word>
                <pc:Word id="word-34c7bead-860c-4b9e-897d-c342dc87b901">
                    <pc:Coords points="2190,2487 2278,2487 2278,2537 2190,2537"/>
                    <pc:TextEquiv>
                        <pc:Unicode>Thy</pc:Unicode>
                    </pc:TextEquiv>
                </pc:Word>
                <pc:Word id="word-56264b94-13b2-45e8-9ecb-b071f998f27f">
                    <pc:Coords points="2294,2486 2372,2486 2372,2526 2294,2526"/>
                    <pc:TextEquiv>
                        <pc:Unicode>will</pc:Unicode>
                    </pc:TextEquiv>
                </pc:Word>
                <pc:Word id="word-7bbe2189-d9a0-4b98-a4f1-8a0d7fce653c">
                    <pc:Coords points="2388,2486 2438,2486 2438,2526 2388,2526"/>
                    <pc:TextEquiv>
                        <pc:Unicode>be</pc:Unicode>
                    </pc:TextEquiv>
                </pc:Word>
                <pc:Word id="word-33437899-6cb6-4970-a821-7657a9dbd350">
                    <pc:Coords points="2452,2486 2599,2486 2599,2529 2452,2529"/>
                    <pc:TextEquiv>
                        <pc:Unicode>done!"</pc:Unicode>
                    </pc:TextEquiv>
                </pc:Word>
                <pc:TextEquiv>
                    <pc:Unicode>Thy will be done, Thy will be done!"</pc:Unicode>
                </pc:TextEquiv>
            </pc:TextLine>
            <pc:TextLine id="line-4e3d4479-1599-4ea4-a8ea-be8878e8ed06">
                <pc:Coords points="473,2604 1275,2604 1275,2658 473,2659"/>
                <pc:Word id="word-35bf495a-66c4-48ae-a40b-65afc588eb8d">
                    <pc:Coords points="473,2606 500,2606 500,2646 473,2646"/>
                    <pc:TextEquiv>
                        <pc:Unicode>3</pc:Unicode>
                    </pc:TextEquiv>
                </pc:Word>
                <pc:Word id="word-a40286c2-f079-4630-9f91-51e46f0cbc02">
                    <pc:Coords points="528,2605 573,2604 573,2645 528,2645"/>
                    <pc:TextEquiv>
                        <pc:Unicode>If</pc:Unicode>
                    </pc:TextEquiv>
                </pc:Word>
                <pc:Word id="word-f307c65c-5e76-4aa0-84fd-40dc54307c9e">
                    <pc:Coords points="593,2604 706,2604 705,2645 593,2645"/>
                    <pc:TextEquiv>
                        <pc:Unicode>Thou</pc:Unicode>
                    </pc:TextEquiv>
                </pc:Word>
                <pc:Word id="word-be6d5e0e-b2ed-4b08-883d-34a062a6d844">
                    <pc:Coords points="722,2605 896,2605 896,2644 722,2645"/>
                    <pc:TextEquiv>
                        <pc:Unicode>shouldst</pc:Unicode>
                    </pc:TextEquiv>
                </pc:Word>
                <pc:Word id="word-14c6b996-83b9-48b4-a30f-61584c904877">
                    <pc:Coords points="915,2605 991,2605 991,2645 915,2645"/>
                    <pc:TextEquiv>
                        <pc:Unicode>call</pc:Unicode>
                    </pc:TextEquiv>
                </pc:Word>
                <pc:Word id="word-4cc23e76-8235-4dac-a4ae-b0b73cb62e84">
                    <pc:Coords points="1006,2616 1070,2616 1070,2646 1006,2646"/>
                    <pc:TextEquiv>
                        <pc:Unicode>me</pc:Unicode>
                    </pc:TextEquiv>
                </pc:Word>
                <pc:Word id="word-67c47cae-0ac9-4c7e-936d-7813c2c59dc7">
                    <pc:Coords points="1086,2609 1131,2609 1130,2646 1086,2646"/>
                    <pc:TextEquiv>
                        <pc:Unicode>to</pc:Unicode>
                    </pc:TextEquiv>
                </pc:Word>
                <pc:Word id="word-1c61705c-e9e6-473f-b38d-095ab1b2efeb">
                    <pc:Coords points="1146,2606 1275,2606 1275,2658 1146,2658"/>
                    <pc:TextEquiv>
                        <pc:Unicode>resign</pc:Unicode>
                    </pc:TextEquiv>
                </pc:Word>
                <pc:TextEquiv>
                    <pc:Unicode>3 If Thou shouldst call me to resign</pc:Unicode>
                </pc:TextEquiv>
            </pc:TextLine>
            <pc:TextLine id="line-84bf5038-70de-4464-b6d5-bf29ac9c49a5">
                <pc:Coords points="1702,2608 2603,2607 2603,2651 1702,2651"/>
                <pc:Word id="word-629a672f-e98a-4801-b580-503871810e63">
                    <pc:Coords points="1702,2610 1726,2610 1726,2648 1702,2648"/>
                    <pc:TextEquiv>
                        <pc:Unicode>6</pc:Unicode>
                    </pc:TextEquiv>
                </pc:Word>
                <pc:Word id="word-2ade1393-99c9-4a9b-812b-f3ddb4023843">
                    <pc:Coords points="1750,2608 1861,2608 1861,2648 1749,2648"/>
                    <pc:TextEquiv>
                        <pc:Unicode>Then</pc:Unicode>
                    </pc:TextEquiv>
                </pc:Word>
                <pc:Word id="word-038f715b-5716-4e99-8c4b-3549fd7cdeb0">
                    <pc:Coords points="1877,2608 1989,2607 1989,2648 1877,2648"/>
                    <pc:TextEquiv>
                        <pc:Unicode>when</pc:Unicode>
                    </pc:TextEquiv>
                </pc:Word>
                <pc:Word id="word-7765609a-0a7a-406a-9bf6-d03039f76b42">
                    <pc:Coords points="2007,2621 2059,2621 2059,2649 2007,2649"/>
                    <pc:TextEquiv>
                        <pc:Unicode>on</pc:Unicode>
                    </pc:TextEquiv>
                </pc:Word>
                <pc:Word id="word-08cfb885-3d7a-47d0-bf42-d41726d9c4eb">
                    <pc:Coords points="2075,2609 2189,2609 2189,2649 2075,2650"/>
                    <pc:TextEquiv>
                        <pc:Unicode>earth</pc:Unicode>
                    </pc:TextEquiv>
                </pc:Word>
                <pc:Word id="word-d9dd846a-cc00-4c5e-865f-ddd22f45ccb4">
                    <pc:Coords points="2206,2608 2232,2608 2232,2649 2206,2649"/>
                    <pc:TextEquiv>
                        <pc:Unicode>I</pc:Unicode>
                    </pc:TextEquiv>
                </pc:Word>
                <pc:Word id="word-0dd1f56b-9840-48cb-90f0-12ae9a2d4ae5">
                    <pc:Coords points="2248,2610 2411,2610 2411,2649 2248,2649"/>
                    <pc:TextEquiv>
                        <pc:Unicode>breathe</pc:Unicode>
                    </pc:TextEquiv>
                </pc:Word>
                <pc:Word id="word-ddc21e37-943d-48f6-9b6e-5b4832c39f62">
                    <pc:Coords points="2427,2622 2480,2622 2480,2650 2427,2650"/>
                    <pc:TextEquiv>
                        <pc:Unicode>no</pc:Unicode>
                    </pc:TextEquiv>
                </pc:Word>
                <pc:Word id="word-1fcadc0f-9d83-405d-b3c5-61be1babfb25">
                    <pc:Coords points="2496,2622 2603,2622 2603,2651 2496,2651"/>
                    <pc:TextEquiv>
                        <pc:Unicode>more</pc:Unicode>
                    </pc:TextEquiv>
                </pc:Word>
                <pc:TextEquiv>
                    <pc:Unicode>6 Then when on earth I breathe no more</pc:Unicode>
                </pc:TextEquiv>
            </pc:TextLine>
            <pc:TextLine id="line-e06f99ad-c1dc-40c1-a0f6-6aec8e62284e">
                <pc:Coords points="529,2659 1403,2658 1402,2712 529,2713"/>
                <pc:Word id="word-075c61ea-358e-4761-add4-7d055aacf288">
                    <pc:Coords points="529,2659 656,2659 656,2699 529,2699"/>
                    <pc:TextEquiv>
                        <pc:Unicode>What</pc:Unicode>
                    </pc:TextEquiv>
                </pc:Word>
                <pc:Word id="word-5d28c023-6835-4b7a-b38b-0c8909bbb507">
                    <pc:Coords points="672,2663 774,2663 774,2700 672,2700"/>
                    <pc:TextEquiv>
                        <pc:Unicode>most</pc:Unicode>
                    </pc:TextEquiv>
                </pc:Word>
                <pc:Word id="word-511a9162-b4f1-4291-97fa-e934bdf1cd0e">
                    <pc:Coords points="792,2659 818,2659 818,2700 792,2700"/>
                    <pc:TextEquiv>
                        <pc:Unicode>I</pc:Unicode>
                    </pc:TextEquiv>
                </pc:Word>
                <pc:Word id="word-b3021b2a-bf9a-4f05-8e9e-41799e26c179">
                    <pc:Coords points="836,2661 1007,2661 1007,2711 836,2711"/>
                    <pc:TextEquiv>
                        <pc:Unicode>prize,-</pc:Unicode>
                    </pc:TextEquiv>
                </pc:Word>
                <pc:Word id="word-a6b1fcdb-afcb-49f3-8c62-fd847b204f70">
                    <pc:Coords points="1017,2659 1052,2659 1052,2700 1017,2700"/>
                    <pc:TextEquiv>
                        <pc:Unicode>it</pc:Unicode>
                    </pc:TextEquiv>
                </pc:Word>
                <pc:Word id="word-71bc2c78-c013-421e-8773-0b845d8faf29">
                    <pc:Coords points="1066,2661 1168,2661 1168,2701 1066,2701"/>
                    <pc:TextEquiv>
                        <pc:Unicode>ne'er</pc:Unicode>
                    </pc:TextEquiv>
                </pc:Word>
                <pc:Word id="word-c12afc85-fe78-4a38-9463-bf838376c4da">
                    <pc:Coords points="1186,2672 1268,2672 1268,2702 1186,2702"/>
                    <pc:TextEquiv>
                        <pc:Unicode>was</pc:Unicode>
                    </pc:TextEquiv>
                </pc:Word>
                <pc:Word id="word-457647a5-a275-40a5-9018-305bd077c84d">
                    <pc:Coords points="1283,2661 1402,2661 1402,2712 1283,2712"/>
                    <pc:TextEquiv>
                        <pc:Unicode>mine;</pc:Unicode>
                    </pc:TextEquiv>
                </pc:Word>
                <pc:TextEquiv>
                    <pc:Unicode>What most I prize,- it ne'er was mine;</pc:Unicode>
                </pc:TextEquiv>
            </pc:TextLine>
            <pc:TextLine id="line-994c4741-d1c8-42f0-aaf5-90d180b3760c">
                <pc:Coords points="1754,2662 2610,2662 2610,2714 1754,2715"/>
                <pc:Word id="word-03df2892-2030-4fd4-8d79-413ab24eeea0">
                    <pc:Coords points="1754,2662 1837,2662 1837,2704 1754,2704"/>
                    <pc:TextEquiv>
                        <pc:Unicode>The</pc:Unicode>
                    </pc:TextEquiv>
                </pc:Word>
                <pc:Word id="word-da9e3e85-cdea-40fc-9aa5-4c60d42b9a08">
                    <pc:Coords points="1855,2674 1996,2674 1995,2715 1854,2715"/>
                    <pc:TextEquiv>
                        <pc:Unicode>prayer</pc:Unicode>
                    </pc:TextEquiv>
                </pc:Word>
                <pc:Word id="word-c6d1d3e5-26dc-40c1-adb7-fddd3d8becbe">
                    <pc:Coords points="2012,2664 2071,2664 2071,2705 2012,2705"/>
                    <pc:TextEquiv>
                        <pc:Unicode>oft</pc:Unicode>
                    </pc:TextEquiv>
                </pc:Word>
                <pc:Word id="word-57baa62e-32b2-4cb0-8f12-edaf69ce252b">
                    <pc:Coords points="2087,2664 2217,2664 2217,2705 2087,2705"/>
                    <pc:TextEquiv>
                        <pc:Unicode>mixed</pc:Unicode>
                    </pc:TextEquiv>
                </pc:Word>
                <pc:Word id="word-39d57009-03f5-4dc4-92c7-2819dc4cd022">
                    <pc:Coords points="2235,2664 2330,2664 2330,2705 2235,2705"/>
                    <pc:TextEquiv>
                        <pc:Unicode>with</pc:Unicode>
                    </pc:TextEquiv>
                </pc:Word>
                <pc:Word id="word-b34e4adb-590d-4b5d-b39a-76043a7c1b59">
                    <pc:Coords points="2346,2668 2452,2668 2452,2706 2346,2706"/>
                    <pc:TextEquiv>
                        <pc:Unicode>tears</pc:Unicode>
                    </pc:TextEquiv>
                </pc:Word>
                <pc:Word id="word-30ff5aa8-47e9-4ca1-9c96-0b451aae2cf2">
                    <pc:Coords points="2468,2664 2610,2664 2610,2714 2467,2714"/>
                    <pc:TextEquiv>
                        <pc:Unicode>before,</pc:Unicode>
                    </pc:TextEquiv>
                </pc:Word>
                <pc:TextEquiv>
                    <pc:Unicode>The prayer oft mixed with tears before,</pc:Unicode>
                </pc:TextEquiv>
            </pc:TextLine>
            <pc:TextLine id="line-bd117649-662c-4f2c-acad-2847414b18cf">
                <pc:Coords points="529,2715 1282,2714 1282,2767 529,2767"/>
                <pc:Word id="word-32b363cc-b359-438b-9d69-06ec2ba100ba">
                    <pc:Coords points="529,2715 556,2715 556,2757 529,2757"/>
                    <pc:TextEquiv>
                        <pc:Unicode>I</pc:Unicode>
                    </pc:TextEquiv>
                </pc:Word>
                <pc:Word id="word-b59b761a-b316-44b6-9cff-20ad3609bacd">
                    <pc:Coords points="574,2716 663,2716 663,2767 574,2767"/>
                    <pc:TextEquiv>
                        <pc:Unicode>only</pc:Unicode>
                    </pc:TextEquiv>
                </pc:Word>
                <pc:Word id="word-51fbbf7b-b2bb-479a-9401-84a60d474c8a">
                    <pc:Coords points="679,2715 784,2715 784,2767 679,2767"/>
                    <pc:TextEquiv>
                        <pc:Unicode>yield</pc:Unicode>
                    </pc:TextEquiv>
                </pc:Word>
                <pc:Word id="word-27d3059b-279b-49c9-8c84-11b0820e7ec3">
                    <pc:Coords points="800,2715 907,2715 906,2756 800,2756"/>
                    <pc:TextEquiv>
                        <pc:Unicode>Thee</pc:Unicode>
                    </pc:TextEquiv>
                </pc:Word>
                <pc:Word id="word-f3d9d08a-41cb-4ee6-98b4-5f9fe4954bb7">
                    <pc:Coords points="921,2716 1028,2716 1028,2756 921,2756"/>
                    <pc:TextEquiv>
                        <pc:Unicode>what</pc:Unicode>
                    </pc:TextEquiv>
                </pc:Word>
                <pc:Word id="word-b707357b-c4ea-4dba-be1b-c14390deaf2f">
                    <pc:Coords points="1045,2727 1126,2727 1126,2756 1045,2756"/>
                    <pc:TextEquiv>
                        <pc:Unicode>was</pc:Unicode>
                    </pc:TextEquiv>
                </pc:Word>
                <pc:Word id="word-10d62045-fcb9-4eac-a8eb-8976a4cfe548">
                    <pc:Coords points="1141,2715 1282,2715 1282,2758 1141,2758"/>
                    <pc:TextEquiv>
                        <pc:Unicode>Thine:</pc:Unicode>
                    </pc:TextEquiv>
                </pc:Word>
                <pc:TextEquiv>
                    <pc:Unicode>I only yield Thee what was Thine:</pc:Unicode>
                </pc:TextEquiv>
            </pc:TextLine>
            <pc:TextLine id="line-d82cb320-e410-4c1c-9ce6-ba6a334af311">
                <pc:Coords points="1754,2718 2417,2717 2417,2771 1754,2772"/>
                <pc:Word id="word-14dcaa14-4f2b-4a2f-8131-0f3665e1a904">
                    <pc:Coords points="1754,2718 1817,2718 1817,2758 1754,2758"/>
                    <pc:TextEquiv>
                        <pc:Unicode>I'll</pc:Unicode>
                    </pc:TextEquiv>
                </pc:Word>
                <pc:Word id="word-cc99af0a-766a-459e-8a90-5958ccd05a2f">
                    <pc:Coords points="1834,2719 1930,2719 1930,2771 1834,2771"/>
                    <pc:TextEquiv>
                        <pc:Unicode>sing,</pc:Unicode>
                    </pc:TextEquiv>
                </pc:Word>
                <pc:Word id="word-26847b3d-f032-478e-823c-55c9049dbd84">
                    <pc:Coords points="1950,2731 2056,2731 2056,2770 1950,2770"/>
                    <pc:TextEquiv>
                        <pc:Unicode>upon</pc:Unicode>
                    </pc:TextEquiv>
                </pc:Word>
                <pc:Word id="word-52d85f3a-fce2-4c35-94ed-7b27bb425123">
                    <pc:Coords points="2072,2732 2099,2732 2099,2759 2072,2759"/>
                    <pc:TextEquiv>
                        <pc:Unicode>a</pc:Unicode>
                    </pc:TextEquiv>
                </pc:Word>
                <pc:Word id="word-57e8a80a-0bbe-481e-9209-62e1662d4715">
                    <pc:Coords points="2116,2719 2277,2719 2277,2771 2116,2771"/>
                    <pc:TextEquiv>
                        <pc:Unicode>happier</pc:Unicode>
                    </pc:TextEquiv>
                </pc:Word>
                <pc:Word id="word-072f8545-8cf7-41af-8b74-031996d1f6dd">
                    <pc:Coords points="2292,2719 2417,2719 2417,2770 2292,2771"/>
                    <pc:TextEquiv>
                        <pc:Unicode>shore,</pc:Unicode>
                    </pc:TextEquiv>
                </pc:Word>
                <pc:TextEquiv>
                    <pc:Unicode>I'll sing, upon a happier shore,</pc:Unicode>
                </pc:TextEquiv>
            </pc:TextLine>
            <pc:TextLine id="line-858ff7db-3931-4ea4-947d-5d5a666ecd72">
                <pc:Coords points="541,2770 1374,2770 1374,2824 541,2824"/>
                <pc:Word id="word-0cbca2d7-b220-4b44-acbd-d52373ad6049">
                    <pc:Coords points="541,2770 652,2770 652,2824 541,2824"/>
                    <pc:TextEquiv>
                        <pc:Unicode>"Thy</pc:Unicode>
                    </pc:TextEquiv>
                </pc:Word>
                <pc:Word id="word-ba86af53-06ea-4dc1-978a-7ec3999212e7">
                    <pc:Coords points="671,2771 747,2771 747,2812 671,2812"/>
                    <pc:TextEquiv>
                        <pc:Unicode>will</pc:Unicode>
                    </pc:TextEquiv>
                </pc:Word>
                <pc:Word id="word-70d11d33-9ea8-434f-ae95-06acb8bae3dd">
                    <pc:Coords points="766,2771 814,2771 814,2812 766,2812"/>
                    <pc:TextEquiv>
                        <pc:Unicode>be</pc:Unicode>
                    </pc:TextEquiv>
                </pc:Word>
                <pc:Word id="word-93725672-8ad6-4803-9d30-a9cdf6dc8d12">
                    <pc:Coords points="833,2771 945,2771 945,2822 833,2822"/>
                    <pc:TextEquiv>
                        <pc:Unicode>done,</pc:Unicode>
                    </pc:TextEquiv>
                </pc:Word>
                <pc:Word id="word-61b349a5-294e-4850-a615-8958cf819e13">
                    <pc:Coords points="966,2771 1054,2771 1054,2824 966,2824"/>
                    <pc:TextEquiv>
                        <pc:Unicode>Thy</pc:Unicode>
                    </pc:TextEquiv>
                </pc:Word>
                <pc:Word id="word-c342b985-bfb7-4cbb-82dd-ec68b2518a0d">
                    <pc:Coords points="1072,2770 1149,2770 1149,2812 1072,2813"/>
                    <pc:TextEquiv>
                        <pc:Unicode>will</pc:Unicode>
                    </pc:TextEquiv>
                </pc:Word>
                <pc:Word id="word-a6b9fe9f-2baa-4556-b321-0273bc2878a6">
                    <pc:Coords points="1166,2771 1216,2771 1216,2812 1166,2812"/>
                    <pc:TextEquiv>
                        <pc:Unicode>be</pc:Unicode>
                    </pc:TextEquiv>
                </pc:Word>
                <pc:Word id="word-1dbbbf0e-4684-47f8-9c40-169607b70ee6">
                    <pc:Coords points="1234,2771 1374,2771 1374,2814 1234,2814"/>
                    <pc:TextEquiv>
                        <pc:Unicode>done!"</pc:Unicode>
                    </pc:TextEquiv>
                </pc:Word>
                <pc:TextEquiv>
                    <pc:Unicode>"Thy will be done, Thy will be done!"</pc:Unicode>
                </pc:TextEquiv>
            </pc:TextLine>
            <pc:TextLine id="line-e5b95ebd-2a85-47e8-9469-10312ba20fa4">
                <pc:Coords points="1773,2772 2584,2771 2584,2825 1773,2826"/>
                <pc:Word id="word-a7d28ce0-204f-4dbb-997c-b587d568978f">
                    <pc:Coords points="1773,2772 1880,2772 1880,2826 1773,2826"/>
                    <pc:TextEquiv>
                        <pc:Unicode>'Thy</pc:Unicode>
                    </pc:TextEquiv>
                </pc:Word>
                <pc:Word id="word-a796eaea-ce35-41f6-8363-a504166f8269">
                    <pc:Coords points="1892,2774 1968,2774 1968,2815 1892,2815"/>
                    <pc:TextEquiv>
                        <pc:Unicode>will</pc:Unicode>
                    </pc:TextEquiv>
                </pc:Word>
                <pc:Word id="word-b7b4747f-fe70-4ae3-a995-6482087b184d">
                    <pc:Coords points="1987,2776 2035,2776 2035,2815 1987,2815"/>
                    <pc:TextEquiv>
                        <pc:Unicode>be</pc:Unicode>
                    </pc:TextEquiv>
                </pc:Word>
                <pc:Word id="word-b2dcf236-07a5-4ece-acd4-a5fa5033ba92">
                    <pc:Coords points="2053,2774 2165,2774 2164,2824 2053,2824"/>
                    <pc:TextEquiv>
                        <pc:Unicode>done,</pc:Unicode>
                    </pc:TextEquiv>
                </pc:Word>
                <pc:Word id="word-6c19b004-d9f7-45f9-a607-4130e597a7c0">
                    <pc:Coords points="2182,2773 2271,2773 2271,2825 2182,2825"/>
                    <pc:TextEquiv>
                        <pc:Unicode>Thy</pc:Unicode>
                    </pc:TextEquiv>
                </pc:Word>
                <pc:Word id="word-3d839094-0d81-4c19-ae9c-c488315d90fa">
                    <pc:Coords points="2289,2775 2366,2775 2366,2816 2289,2816"/>
                    <pc:TextEquiv>
                        <pc:Unicode>will</pc:Unicode>
                    </pc:TextEquiv>
                </pc:Word>
                <pc:Word id="word-00bd437a-30bc-49a2-92fa-df6e4a11f847">
                    <pc:Coords points="2384,2776 2433,2776 2433,2816 2384,2816"/>
                    <pc:TextEquiv>
                        <pc:Unicode>be</pc:Unicode>
                    </pc:TextEquiv>
                </pc:Word>
                <pc:Word id="word-db2da046-f0f4-411b-a3bd-26ddb95605fc">
                    <pc:Coords points="2450,2775 2584,2775 2584,2817 2450,2817"/>
                    <pc:TextEquiv>
                        <pc:Unicode>done."</pc:Unicode>
                    </pc:TextEquiv>
                </pc:Word>
                <pc:TextEquiv>
                    <pc:Unicode>'Thy will be done, Thy will be done."</pc:Unicode>
                </pc:TextEquiv>
            </pc:TextLine>
        </pc:TextRegion>
    </pc:Page>
</pc:PcGts>
