2495 3544
465 230 517 269 16

979 347 996 403 I
1031 349 1222 403 SHALL
1256 349 1404 404 REST
1439 350 1523 404 MY
1559 350 1719 405 SOUL.

381 446 464 476 G.F.
478 447 677 484 Thompson.

920 448 1071 478 "Sorrow
1081 449 1144 478 and
1156 449 1286 487 sighing
1296 450 1382 480 shall
1393 450 1454 480 flee
1465 453 1581 486 away."
1587 466 1618 473 -
1618 451 1673 480 Isa
1683 451 1733 486 35;
1746 453 1793 482 10.

2006 452 2060 481 W.
2051 452 2106 481 H.
2119 452 2300 481 Sherwood.

642 808 664 843 I

719 819 778 843 am
823 810 987 853 wait-ing
1019 810 1074 843 for
1102 810 1166 844 the
1236 810 1422 844 dark-ness

1542 812 1581 846 of
1613 811 1686 846 this
1714 813 1771 846 sin
1784 831 1799 838 -
1813 812 1868 846 ful
1899 812 1963 847 life
2015 817 2055 847 to
2112 821 2204 858 pass,

555 1370 659 1404 Then
671 1370 734 1404 I'll
744 1381 818 1406 wor
830 1371 916 1416 ship
956 1372 995 1406 in
1031 1372 1095 1406 the
1152 1372 1365 1416 bright-ness

1507 1374 1549 1407 of
1556 1384 1616 1417 my
1630 1374 1737 1408 home
1750 1378 1859 1409 sweet
1871 1374 1975 1408 home
1989 1379 2029 1409 at

2094 1375 2164 1408 last

409 1674 604 1710 Chorus

550 1995 652 2040 High
665 1996 712 2030 be
725 1996 823 2040 yond
839 1996 902 2030 the
916 1996 1091 2041 swel-ling

1190 1997 1356 2040 bil-lows,

1485 2009 1507 2032 o
1528 2016 1543 2024 -
1557 2009 1620 2032 ver
1661 2009 1710 2033 on
1746 2001 1807 2033 the
1842 2002 1907 2033 oth
1922 2017 1935 2025 -
1951 2010 1990 2033 er

2054 2001 2173 2044 shore,

2098 2326 2200 2357 other
2213 2326 2316 2358 shore

583 2624 627 2659 In
663 2625 725 2658 the
750 2624 911 2659 shad-ow
950 2626 997 2660 of
1032 2626 1097 2662 the
1148 2627 1210 2661 wil
1222 2644 1238 2653 -
1251 2628 1321 2662 low

1449 2628 1467 2662 I
1501 2629 1594 2662 shall
1613 2633 1685 2662 rest
1705 2639 1765 2672 my
1799 2639 1876 2664 wea
1889 2648 1902 2654 -
1917 2640 1959 2671 ry
1993 2631 2084 2664 soul.

2072 2899 2191 2944 happy
2207 2902 2293 2935 soul.

333 2987 371 3015 2.
398 2974 423 3014 I
441 2986 510 3014 am
527 2976 700 3025 passing
717 2975 844 3016 down
861 2977 933 3016 the
951 2978 1090 3028 valley

1394 2993 1439 3030 3.
1475 2980 1613 3020 While
1632 2982 1655 3020 I
1674 2981 1774 3020 here
1794 2982 1867 3021 the
1886 2993 2004 3022 cross
2024 2994 2092 3021 am
2112 2983 2288 3034 bearing

403 3027 470 3068 To
487 3029 561 3068 the
579 3029 767 3080 swelling
783 3031 972 3080 Jordans
999 3031 1133 3081 bank;

1476 3035 1665 3084 Meeting
1686 3040 1841 3075 storms
1858 3034 1910 3074 of
1922 3046 2102 3076 sorrows
2119 3036 2234 3085 wild;

396 3082 512 3121 Soon
530 3082 599 3121 I'll
616 3084 766 3132 gather
783 3084 882 3123 with
901 3085 975 3124 the
1004 3097 1132 3136 many

1475 3086 1621 3127 Christ
1637 3090 1675 3127 is
1692 3088 1759 3127 for
1778 3100 1850 3138 my
1879 3088 1975 3128 soul
1992 3091 2231 3141 preparing,

401 3135 456 3179 In
475 3136 567 3175 that
584 3135 686 3189 high
706 3136 791 3177 and
809 3137 955 3192 happy
974 3138 1098 3183 rank.

1473 3140 1597 3183 Robe
1617 3142 1702 3182 and
1724 3145 1865 3182 crown
1882 3143 2010 3183 that's
2027 3143 2261 3186 undefiled.
