1818 2480
648 352 784 382 SOCIAL
821 354 1015 383 WORSHIP.

1318 345 1368 384 11

483 442 570 481 The
583 442 766 490 bleeding
787 444 969 484 Sacrifice

532 489 583 526 In
605 501 674 536 my
697 490 834 529 behalf
852 501 1023 540 appears

437 535 578 574 Before
591 536 661 574 the
676 537 819 575 throne
835 548 904 584 my
928 542 1060 585 surety
1074 539 1226 586 stands,

436 583 509 630 My
522 594 644 620 name
659 583 695 621 is
718 585 873 622 written
891 595 944 622 on
960 584 1024 622 his
1037 584 1175 623 hands.

437 663 464 699 2
484 662 581 701 Five
595 662 775 711 bleeding
793 663 957 704 wounds
969 665 1023 703 he
1037 664 1161 712 bears,

530 709 724 748 Received
752 722 806 748 on
821 710 987 758 Calvary
999 723 1011 757 ;

481 756 593 803 They
606 767 711 804 pour
728 757 912 795 effectual
936 769 1106 806 prayers,

528 802 640 850 They
656 804 832 851 strongly
847 804 964 852 plead
987 805 1048 842 for
1062 815 1202 843 me:-

436 848 602 897 Forgive
616 848 715 896 him,
733 850 799 896 oh,
824 851 972 898 forgive
986 851 1080 899 they
1096 862 1176 898 cry,

435 896 522 933 Nor
535 896 590 933 let
610 896 699 933 that
714 897 927 935 ransomed
951 898 1085 935 sinner
1098 898 1174 936 die.

435 976 460 1012 3
481 976 567 1014 The
582 976 727 1015 Father
743 977 862 1015 hears
876 977 963 1015 him
979 989 1090 1025 pray,

530 1022 610 1061 His
622 1023 717 1061 dear
743 1023 957 1062 annointed
984 1036 1068 1067 one

481 1069 552 1107 He
566 1073 712 1108 cannot
727 1073 821 1108 turn
833 1082 943 1118 away

480 1116 567 1154 The
581 1127 769 1164 presence
785 1117 830 1154 of
845 1117 910 1154 his
929 1117 1011 1156 Son
1026 1130 1036 1155 :

433 1162 514 1200 His
527 1163 640 1209 spirit
653 1174 823 1201 answers
837 1166 881 1201 to
894 1163 965 1201 the
974 1163 1105 1210 blood,

435 1208 529 1246 And
541 1209 631 1247 tells
645 1220 713 1247 me
729 1210 752 1246 I
766 1220 834 1247 am
850 1209 950 1247 born
966 1210 1011 1248 of
1027 1210 1126 1249 God.

432 1290 459 1326 4
479 1289 551 1336 My
565 1289 653 1328 God
667 1290 702 1327 is
725 1289 960 1336 reconciled,

527 1336 606 1374 His
618 1336 828 1385 pard'ning
843 1337 956 1376 voice
971 1338 994 1374 I
1008 1337 1104 1375 hear

480 1383 550 1420 He
573 1394 680 1421 owns
695 1395 763 1421 me
785 1385 847 1421 for
868 1383 948 1421 His
961 1383 1078 1431 child,

527 1429 549 1466 I
568 1440 640 1467 can
659 1441 713 1467 no
728 1431 865 1477 longer
880 1430 971 1470 fear

432 1475 545 1512 With
564 1475 794 1513 confidence
807 1478 830 1512 I
844 1487 935 1513 now
950 1478 1058 1514 draw
1083 1477 1192 1525 nigh,

434 1521 526 1559 And
537 1521 692 1568 Father,
709 1523 824 1560 Abba
836 1522 993 1568 Father,
1010 1534 1091 1570 cry.

292 1725 426 1760 Emory
442 1723 616 1761 Hymnal,
626 1725 692 1754 No.
705 1726 764 1754 292.

290 1780 345 1825 11

597 1780 713 1828 Save
739 1781 923 1838 Mighty
950 1782 1091 1829 Lord.

385 1858 410 1894 1
432 1856 550 1895 Show
563 1857 660 1905 pity,
676 1857 793 1903 Lord,
809 1858 843 1895 O
856 1857 975 1904 Lord,
989 1858 1154 1907 forgive;

432 1904 508 1941 Let
521 1915 547 1940 a
560 1905 766 1951 repenting
781 1904 887 1944 rebel
900 1904 998 1950 live;

434 1951 513 1987 Are
528 1954 599 1987 not
612 1951 684 1997 thy
701 1951 866 1989 mercies
878 1951 987 1998 large
1002 1952 1082 1989 and
1097 1952 1204 1991 free?

432 1996 528 2045 May
543 2000 615 2034 not
629 2007 655 2034 a
668 1997 803 2035 sinner
816 2001 918 2035 trust
931 1997 978 2035 in
990 1998 1109 2037 thee?
