2640 3196
376 413 488 471 No.
514 413 608 470 55.

1090 415 1369 475 SHELLY.
1437 415 1593 477 S.M.

1762 515 1809 551 L.
1825 514 1961 552 SPOHR
1981 512 2283 561 (1784-1859).

826 1703 851 1743 1
880 1700 1034 1744 Behold
1050 1701 1121 1743 the
1137 1701 1277 1743 throne
1294 1702 1340 1743 of
1360 1712 1501 1754 grace;

937 1756 1022 1798 The
1038 1756 1204 1809 promise
1222 1756 1319 1798 calls
1335 1768 1382 1798 us
1398 1766 1511 1808 near;

879 1812 1006 1853 There
1019 1813 1135 1854 Jesus
1151 1813 1278 1853 shows
1295 1824 1322 1852 a
1337 1812 1491 1866 smiling
1505 1812 1604 1864 face,

937 1866 1035 1909 And
1052 1867 1167 1909 waits
1187 1870 1233 1908 to
1250 1878 1399 1909 answer
1415 1877 1569 1922 prayer.

828 1967 856 2006 2
882 1964 957 2018 My
971 1965 1069 2015 soul,
1088 1965 1162 2007 ask
1180 1965 1291 2006 what
1305 1965 1404 2007 thou
1421 1965 1515 2016 wilt,

934 2020 1048 2062 Thou
1064 2023 1177 2062 canst
1193 2023 1269 2062 not
1285 2021 1336 2062 be
1352 2023 1423 2062 too
1439 2019 1552 2071 bold;

880 2074 996 2118 Since
1013 2075 1073 2117 his
1093 2086 1179 2118 own
1195 2074 1315 2117 blood
1331 2076 1393 2117 for
1410 2076 1502 2118 thee
1521 2076 1569 2117 he
1586 2075 1691 2129 spilt,

936 2130 1065 2172 What
1081 2131 1163 2173 else
1180 2142 1256 2172 can
1272 2131 1323 2171 he
1340 2130 1557 2174 withhold?

828 2232 855 2274 3
881 2230 1005 2273 Thine
1020 2232 1162 2285 image,
1181 2230 1306 2282 Lord,
1327 2230 1489 2280 bestow,

936 2286 1024 2339 Thy
1040 2296 1222 2340 presence
1241 2286 1320 2328 and
1337 2286 1410 2339 thy
1425 2285 1526 2337 love,

881 2342 989 2383 That
1005 2354 1064 2383 we
1082 2354 1173 2395 may
1189 2353 1300 2384 serve
1318 2343 1409 2384 thee
1420 2341 1514 2383 here
1530 2341 1667 2394 below,

940 2396 1036 2439 And
1051 2397 1163 2450 reign
1180 2397 1277 2439 with
1293 2396 1385 2439 thee
1397 2397 1536 2439 above.

827 2499 856 2539 4
881 2496 1014 2539 Teach
1029 2508 1078 2539 us
1093 2499 1139 2540 to
1154 2497 1233 2540 live
1248 2497 1304 2550 by
1319 2495 1434 2547 faith,

941 2552 1125 2595 Conform
1141 2564 1214 2594 our
1231 2552 1329 2594 wills
1344 2556 1390 2594 to
1406 2552 1535 2604 thine;

883 2607 965 2650 Let
980 2620 1028 2650 us
1044 2609 1253 2650 victorious
1268 2607 1320 2650 be
1336 2608 1379 2649 in
1397 2608 1530 2659 death,

941 2663 1040 2706 And
1055 2663 1151 2705 then
1167 2664 1208 2705 in
1223 2664 1338 2717 glory
1353 2663 1474 2705 shine.

1385 2738 1468 2771 Rev.
1483 2738 1590 2772 JOHN
1605 2739 1772 2773 NEWTON
1791 2740 1879 2777 (1725
1885 2754 1920 2764 -
1926 2741 2026 2778 1807).

1307 2784 1383 2821 (58)
