2261 3214
237 350 326 410 No.
347 348 438 409 119.

723 345 738 410 I

777 344 920 409 OWE
954 346 1076 412 ALL
1111 346 1192 410 TO
1227 347 1404 411 THEE.

323 425 360 460 C.
381 424 432 462 H.
445 424 489 461 G.

1420 427 1538 462 CHAS.
1557 426 1605 461 H.
1624 427 1815 462 GABRIEL.

364 653 394 686 1.
422 653 484 687 All
547 654 566 687 I
632 663 691 686 am
737 653 758 686 I
780 662 856 687 owe
870 655 908 687 to
922 654 1015 694 thee,
1028 654 1134 696 Lord,
1140 655 1223 688 And
1235 654 1286 687 all
1356 654 1378 687 I
1452 656 1660 696 ev-erhope
1687 656 1724 688 to
1761 654 1820 696 be;

362 699 395 731 2.
424 699 485 730 All
546 698 567 731 I
611 698 704 731 have
734 697 755 730 I
775 707 852 731 owe
866 700 904 731 to
919 698 1011 739 thee,
1025 698 1129 739 Lord,
1138 698 1232 740 Help
1239 708 1299 732 me
1353 702 1391 732 to
1437 708 1501 732 use
1522 700 1584 731 the
1594 701 1687 732 trust
1701 699 1851 741 a-right;

363 743 395 775 3.
418 743 512 776 Give
525 752 585 776 me
598 752 714 785 grace,
732 742 762 776 O
778 743 915 785 lov-ing
928 743 1011 776 Sav-
1025 743 1116 785 iour,
1129 743 1211 776 And
1219 743 1428 786 strengthen
1436 752 1495 776 me
1524 745 1563 776 to
1592 743 1638 776 do
1684 743 1749 786 thy
1758 743 1836 777 will

362 1151 463 1185 Thou
472 1152 554 1185 hast
562 1153 696 1194 bought
706 1161 763 1186 me
776 1152 865 1185 with
879 1161 903 1186 a
919 1154 1025 1195 price,
1030 1153 1134 1192 Lord,
1143 1154 1227 1187 And
1242 1154 1265 1186 I
1321 1163 1381 1187 am
1426 1154 1584 1194 sub-ject
1594 1162 1645 1186 un
1665 1171 1679 1177 -
1695 1156 1733 1186 to
1750 1152 1850 1187 thee.

402 1197 462 1230 All
489 1206 553 1238 my
586 1198 731 1237 actions,
738 1197 845 1237 work,
853 1198 923 1230 and
932 1198 1117 1240 deal-ings,
1131 1197 1216 1239 May
1227 1198 1313 1239 they
1330 1199 1375 1231 be
1419 1198 1601 1240 pleas-ing
1605 1199 1643 1232 in
1680 1198 1747 1238 thy
1755 1198 1862 1238 sight.

368 1240 489 1274 Neath
497 1241 564 1283 thy
582 1242 679 1284 wing
703 1241 900 1283 se-cure-ly
917 1242 1005 1275 hide
1042 1251 1110 1279 me,
1131 1243 1215 1276 And
1228 1243 1290 1278 bid
1321 1243 1385 1275 the
1428 1251 1475 1276 an
1490 1258 1504 1265 -
1518 1251 1583 1284 gry
1599 1251 1660 1276 sea
1688 1242 1734 1275 be
1748 1242 1836 1275 still.

266 1350 291 1371 e

430 1490 595 1524 CHORUS.

1073 1523 1190 1555 name,

1487 1515 1550 1557 My
1586 1515 1655 1548 Sav
1694 1532 1707 1540 -

1744 1515 1824 1548 iour

400 1739 457 1773 Ev
470 1756 482 1763 -
498 1749 536 1773 er
550 1740 628 1773 will
672 1740 692 1772 I
708 1740 802 1773 bless
809 1741 879 1773 and
888 1741 1004 1782 praise
1013 1741 1079 1783 thy
1088 1750 1204 1781 name,
1211 1742 1317 1774 halle-
1321 1742 1361 1773 lu
1376 1758 1390 1765 -
1401 1741 1465 1784 jah
1485 1742 1547 1783 My
1588 1741 1727 1785 lov-ing
1733 1741 1893 1784 Saviour,

384 1966 457 1999 and

516 1975 580 2008 my

639 1966 739 2009 king,

388 2214 484 2248 bless
497 2230 513 2238 -
527 2215 570 2248 ed

631 2214 798 2249 Sav-iour
807 2217 879 2250 and
895 2227 956 2257 my
965 2216 1056 2258 king

1146 2215 1253 2249 From
1270 2217 1331 2249 the
1339 2217 1466 2251 throne
1476 2217 1518 2250 of
1528 2216 1607 2250 God
1647 2222 1683 2250 to
1693 2218 1795 2251 earth

1823 2217 1871 2251 he

386 2438 487 2463 came

864 2433 894 2465 E

971 2434 1026 2464 ter

1128 2433 1188 2464 nal

1279 2431 1375 2474 light
1404 2433 1475 2465 and

1538 2431 1601 2464 life

1673 2434 1711 2465 to
1756 2432 1869 2475 bring.

387 2688 496 2719 came,
508 2680 570 2712 hal
585 2697 598 2704 -
611 2680 645 2713 le
676 2681 716 2712 lu
729 2695 744 2703 -
754 2680 829 2722 jah!
867 2680 897 2713 E
916 2697 930 2705 -
967 2684 1023 2714 ter
1034 2695 1048 2702 -
1061 2682 1133 2721 nal,
1145 2689 1188 2714 ev
1235 2681 1358 2714 er-last
1370 2698 1384 2707 -
1405 2682 1470 2723 ing
1527 2681 1592 2715 life
1666 2683 1704 2714 to
1749 2682 1862 2724 bring.

346 2902 489 2932 Copyright,
499 2903 563 2929 1892,
573 2903 605 2931 by
616 2902 696 2926 Guide
705 2903 821 2932 Printing
832 2904 853 2927 &
862 2904 924 2928 Pub.
936 2904 978 2927 Co.

1032 2905 1115 2940 147
