2331 3370
459 312 560 377 No.
579 310 680 377 40.
752 312 1082 379 ONWARD
1116 314 1366 377 WE'RE
1397 311 1799 376 MARCHING.

393 439 472 475 IDA
487 440 530 476 L.
546 441 669 476 REED.

1497 440 1643 475 FRANK
1659 440 1712 474 M.
1729 439 1869 474 DAVIS.

440 714 474 748 1.
498 713 678 757 On-ward,
683 713 760 748 still
771 714 927 757 onward,
934 716 1037 749 we're
1041 714 1236 759 marching
1242 714 1390 748 Toward
1399 714 1463 748 the
1473 713 1543 747 fair
1549 713 1635 747 land
1646 713 1727 747 that
1735 722 1789 746 we
1799 711 1896 754 love;

441 769 474 803 2.
502 769 683 811 On-ward,
688 769 767 803 still
778 769 935 812 onward,
941 770 1043 805 we're
1050 771 1247 815 marching,
1280 769 1455 814 Leav-ing
1462 778 1530 803 our
1538 769 1662 802 marks
1670 768 1715 811 by
1730 768 1794 802 the
1808 777 1904 811 way;

439 826 472 859 3.
500 824 679 865 On-ward,
686 825 763 860 still
772 826 929 867 onward,
936 824 1001 861 we'
1001 836 1040 860 re
1045 826 1233 870 marching
1245 825 1379 860 'Neath
1393 834 1461 860 our
1468 824 1588 867 king's
1594 824 1730 858 banner
1742 832 1781 858 so
1791 823 1929 867 bright;

689 1050 707 1075 3

654 1345 673 1373 3

471 1383 528 1416 On
572 1383 613 1416 in
671 1383 735 1417 the
743 1384 848 1418 strait
853 1392 1013 1418 nar-row
1031 1383 1224 1428 path-way,
1272 1383 1333 1427 Up
1391 1386 1430 1417 to
1468 1383 1530 1417 the
1545 1381 1734 1426 king-dom
1758 1391 1793 1414 a-
1787 1380 1900 1415 - bove.

440 1438 557 1472 Grant
567 1438 649 1472 that
664 1438 751 1482 they
766 1448 811 1474 ev
823 1457 840 1467 -
863 1449 902 1473 er
944 1440 991 1474 be
1000 1439 1124 1482 bright
1137 1448 1231 1482 ones,
1279 1440 1327 1474 Je
1347 1455 1362 1464 -
1376 1448 1439 1474 sus
1459 1448 1527 1473 our
1540 1438 1611 1473 Sav
1620 1454 1635 1463 -
1649 1437 1731 1472 iour
1742 1446 1797 1471 we
1811 1445 1910 1481 pray.

447 1493 542 1528 Soon
564 1503 621 1528 we
663 1493 722 1530 his
735 1493 922 1539 king-dom
937 1494 1031 1529 shall
1043 1505 1089 1529 en
1103 1512 1116 1522 -
1128 1496 1193 1534 ter,
1250 1494 1339 1529 Clad
1385 1495 1426 1529 in
1441 1504 1531 1537 pure
1543 1494 1741 1538 gar-ments
1751 1492 1792 1526 of
1798 1491 1918 1526 white.

657 1717 675 1742 3

459 1799 626 1835 CHORUS.

897 2001 916 2027 3

1857 1999 1875 2025 3

481 2050 538 2083 On

772 2050 882 2092 ward,
887 2050 953 2084 we'
956 2057 993 2084 re
1001 2050 1122 2084 march

1254 2049 1326 2092 ing,

1422 2049 1479 2083 On

1734 2048 1844 2089 ward,
1849 2049 1956 2082 we're

461 2116 628 2158 Onward,
632 2115 735 2151 we're
741 2116 938 2160 marching,
963 2117 1120 2159 onward,
1127 2117 1228 2151 we're
1236 2116 1430 2159 marching,
1443 2115 1609 2157 Onward,
1616 2116 1680 2148 we'
1685 2124 1723 2148 re
1730 2115 1926 2158 marching,

1583 2156 1603 2181 3

1815 2482 1834 2508 3

1334 2506 1355 2534 3

464 2692 588 2726 march

853 2691 926 2736 ing,

1064 2693 1167 2735 Keep
1190 2709 1204 2719 -
1239 2693 1303 2735 ing
1361 2692 1424 2725 the
1466 2690 1574 2724 strait
1586 2690 1660 2724 and
1718 2699 1786 2724 nar
1805 2706 1822 2716 -
1842 2699 1916 2723 row

574 2761 732 2794 on-ward
741 2758 804 2793 we'
827 2760 1047 2803 emarching,

686 2800 706 2826 3

421 3029 568 3058 Copyright,
577 3029 639 3056 1892,
648 3029 681 3057 by
692 3028 783 3057 Gospel
792 3029 916 3053 Advocate
924 3028 987 3052 Pub.
1001 3028 1044 3052 Co.

1103 3057 1170 3093 50
