2211 3195
754 256 855 300 OUR
875 256 1037 300 ROYAL
1060 254 1339 302 CHRISTMAS
1359 256 1482 302 GIFT.

362 347 538 386 CHORUS.

426 580 489 616 He
507 582 544 616 is
580 588 653 616 our
672 586 763 622 roy-
770 580 807 614 al
818 578 1040 615 Christ-mas
1049 579 1142 623 gift,
1146 579 1231 615 And
1240 588 1285 615 as

1351 588 1412 616 we
1422 588 1512 616 now

1548 581 1597 616 be
1617 598 1635 609 -
1646 582 1758 622 lieve,

1851 583 1922 618 We

382 1078 472 1113 take
487 1077 554 1112 the
567 1077 755 1112 treas-ure
812 1079 857 1111 to
902 1085 974 1111 our
982 1076 1125 1118 hearts,
1137 1076 1222 1112 And
1237 1076 1289 1113 all
1332 1076 1405 1111 His
1441 1076 1529 1112 love
1585 1084 1630 1112 re
1642 1093 1661 1105 -
1673 1077 1792 1112 ceive.

277 1376 399 1441 123

936 1362 1109 1440 Lida.
1183 1372 1285 1441 7s.

1307 1475 1352 1512 C.
1375 1474 1419 1512 C.
1444 1475 1667 1514 CONVERSE.
1711 1476 1771 1520 By
1792 1485 1874 1520 per.

385 1709 420 1743 1.
444 1707 560 1743 Come
574 1708 660 1743 said
678 1707 728 1743 Je
737 1724 755 1736 -
766 1710 845 1743 sus'
855 1716 901 1743 sa
909 1724 926 1735 -
934 1708 1024 1743 cred
1034 1709 1155 1747 voice,
1159 1707 1276 1743 Come
1290 1708 1366 1743 and
1377 1709 1487 1744 make
1502 1717 1566 1752 my
1575 1709 1689 1751 paths
1698 1717 1797 1753 your
1807 1709 1961 1752 choice;

383 1754 419 1787 2.
443 1753 538 1788 Hith
551 1769 568 1781 -
581 1761 625 1788 er
633 1761 753 1793 come,
767 1753 833 1787 for
842 1753 934 1787 here
969 1753 1005 1787 is
1021 1752 1144 1787 found
1157 1753 1264 1788 Balm
1286 1753 1354 1788 for
1390 1762 1437 1788 ev
1457 1769 1476 1782 -
1490 1754 1551 1796 'ry
1580 1752 1709 1790 bleed-
1719 1755 1788 1797 ing
1798 1755 1952 1795 wound,

399 1907 436 1952 4

424 2250 448 2285 I
504 2249 586 2285 will
599 2249 714 2293 guide
726 2257 805 2293 you
838 2252 882 2283 to
901 2257 1000 2293 your
1009 2249 1260 2285 home-Wea
1266 2266 1283 2278 -
1294 2257 1341 2293 ry
1386 2250 1550 2293 pil-grim
1573 2249 1667 2284 hith
1696 2267 1713 2279 -
1722 2258 1765 2284 er
1786 2258 1908 2284 come.

359 2295 481 2330 Peace
487 2294 617 2329 which
627 2302 675 2329 ev
695 2310 713 2322 -
732 2300 778 2329 er
797 2293 896 2328 sball
954 2293 1248 2329 en-dure-Rest
1294 2303 1317 2328 e
1337 2310 1356 2323 -
1376 2297 1435 2329 ter
1449 2310 1467 2323 -
1484 2296 1562 2334 nal,
1586 2302 1632 2329 sa
1651 2311 1669 2323 -
1690 2296 1791 2333 cred,
1808 2302 1910 2330 sure.

276 2560 403 2626 124

267 2651 287 2684 1
310 2649 439 2692 Depth
452 2650 500 2686 of
513 2658 654 2694 mercy,
670 2658 742 2686 can
755 2651 866 2687 there
878 2651 928 2686 be

1176 2650 1317 2686 Would
1330 2653 1401 2686 not
1410 2650 1581 2686 hearken
1596 2653 1639 2685 to
1652 2650 1726 2685 His
1740 2649 1853 2691 calls;

310 2695 440 2737 Mercy
454 2695 529 2730 still
539 2695 718 2731 reserved
733 2695 800 2731 for
812 2694 897 2730 me?

1176 2694 1341 2731 Grieved
1354 2695 1442 2730 Him
1459 2695 1508 2739 by
1519 2703 1545 2730 a
1557 2694 1750 2730 thousand
1765 2694 1872 2730 falls.

311 2738 391 2774 Can
401 2746 466 2781 my
479 2739 565 2775 God
580 2739 652 2775 His
665 2739 793 2775 wrath
803 2738 981 2775 forbear?

1129 2763 1154 2798 3
1177 2762 1276 2798 Now
1287 2762 1429 2798 incline
1442 2770 1504 2797 me
1517 2764 1561 2797 to
1575 2763 1731 2804 repent;

310 2783 385 2824 Me,
401 2784 468 2819 the
482 2783 590 2819 chief
599 2783 648 2820 of
660 2784 824 2825 sinners,
839 2783 974 2827 spare?

1175 2807 1249 2842 Let
1262 2814 1324 2842 me
1338 2814 1427 2842 now
1441 2814 1505 2850 my
1516 2807 1600 2842 sins
1613 2807 1778 2845 lament;

262 2851 287 2885 2
306 2851 331 2885 I
341 2849 441 2886 have
452 2849 548 2893 long
562 2850 770 2889 withstood
782 2850 855 2888 His
867 2858 1002 2896 grace;

1174 2852 1276 2887 Now
1289 2858 1354 2893 my
1368 2851 1455 2886 foul
1467 2851 1595 2886 revolt
1605 2848 1775 2892 deplore,

307 2893 418 2940 Long
431 2895 626 2941 provoked
642 2896 732 2931 Him
746 2899 790 2930 to
803 2895 876 2931 His
893 2896 996 2936 face;

1171 2896 1301 2939 Weep,
1319 2896 1478 2937 believe,
1494 2895 1570 2931 and
1584 2896 1648 2931 sin
1662 2903 1714 2930 no
1727 2902 1847 2932 more.

1067 2938 1153 2975 129
