2856 2196
293 179 404 232 110

1134 178 1280 246 Ring
1312 179 1415 235 the
1451 178 1760 246 Joy-Bells.

392 244 429 274 E.
448 244 491 273 N.
509 244 715 275 GUNNISON.

2171 244 2204 274 J.
2222 244 2267 274 H.
2284 244 2490 274 FILLMORE.

420 321 452 360 4

418 365 453 408 4

337 444 371 475 1.
387 442 488 485 Ring
499 443 566 477 the
576 443 765 485 joy-bells,
772 443 899 477 Christ
925 444 959 476 is
989 444 1043 477 ris
1060 460 1075 468 -
1091 452 1137 476 en
1147 444 1264 477 :-He
1290 444 1378 476 who
1395 444 1460 476 for
1476 451 1546 476 our
1567 444 1648 476 sins
1661 450 1741 476 was
1753 443 1851 476 slain
1860 454 1869 481 ;
1874 443 1987 476 From
2000 443 2065 475 the
2078 443 2251 483 bondage
2269 442 2314 475 of
2328 442 2389 475 his
2403 443 2562 483 pris-on,

336 488 371 519 2.
385 487 485 529 Ring
497 487 562 520 the
569 487 765 528 joy-bells,
769 487 855 520 loud
868 488 941 520 and
953 487 1110 529 gleeful,
1117 487 1244 521 Sound
1254 488 1354 520 their
1366 490 1475 520 notes
1487 487 1532 520 of
1541 488 1663 528 praise
1675 487 1748 520 and
1759 494 1893 528 peace;
1897 487 1969 519 Fill
1978 488 2042 520 the
2052 487 2172 520 world
2182 487 2277 519 with
2291 486 2376 527 glad
2389 487 2592 525 vibration,

336 533 370 564 3.
385 531 484 573 Ring
496 532 561 565 the
576 531 927 573 joy-bells,-saints
942 533 983 564 in
999 532 1064 573 glo
1079 548 1095 557 -
1110 541 1164 573 ry,
1204 533 1352 566 List-en
1390 535 1430 565 to
1464 532 1530 564 the
1552 531 1643 573 glad
1679 531 1860 572 re-frain;
1879 530 2046 574 Ringing
2063 531 2171 564 forth
2183 531 2248 563 the
2265 531 2390 564 old-en
2416 535 2476 564 sto
2492 548 2506 556 -
2521 539 2579 571 ry,

1092 762 1281 795 REFRAIN.

361 995 507 1028 Breaks
522 997 563 1027 to
595 994 773 1035 glad-den
789 994 896 1027 earth
919 1001 943 1026 a
956 1010 970 1018 -
985 994 1088 1035 gain.

1172 993 1272 1034 Ring
1288 993 1353 1026 the
1374 992 1566 1034 joy-bells,
1570 993 1654 1034 ring
1665 992 1729 1025 the
1742 992 1936 1034 joy-bells,
1941 992 2040 1034 Ring
2051 992 2117 1025 the
2127 992 2234 1031 bells,
2239 992 2304 1025 the
2332 993 2400 1034 joy
2416 1009 2431 1017 -
2462 992 2570 1031 bells,

406 1039 481 1071 Till
511 1039 576 1070 the
592 1039 706 1071 strife
722 1038 768 1071 of
780 1038 888 1070 earth
898 1038 995 1070 shall
1007 1044 1128 1072 cease.

400 1083 497 1115 How
509 1083 576 1115 the
592 1082 719 1115 Christ
730 1083 762 1115 is
777 1082 874 1116 born
927 1090 951 1115 a
987 1083 1090 1123 gain.

1187 1078 1274 1115 Ring
1318 1079 1376 1109 the
1387 1079 1484 1114 bells,

1563 1079 1639 1115 ring
1682 1079 1740 1108 the
1751 1079 1848 1114 bells,

1933 1079 2019 1115 Ring
2068 1078 2127 1108 the
2139 1079 2235 1114 bells,

2352 1079 2409 1115 joy
2433 1094 2446 1102 -
2467 1079 2564 1114 bells,

1134 1257 1156 1291 2

1175 1334 1271 1370 Ring,

1367 1336 1451 1370 ring,

1553 1335 1636 1371 ring,

1736 1336 1820 1371 ring,

1922 1335 2017 1371 Ring,

2118 1337 2193 1371 ring

2319 1335 2375 1370 joy
2408 1350 2422 1358 -
2453 1335 2549 1369 bells,

1874 1392 2047 1426 CHORUS.

383 1603 482 1642 Ring
497 1605 563 1637 the
576 1604 766 1644 joy-bells,
772 1605 858 1644 ring
872 1604 938 1636 the
963 1603 1153 1643 joy-bells,
1159 1603 1258 1643 Ring
1267 1603 1331 1635 the
1342 1602 1449 1640 bells,
1454 1602 1519 1635 the
1533 1603 1600 1642 joy
1610 1619 1625 1628 -
1636 1603 1743 1636 bells.

1858 1602 1958 1643 Ring
1967 1603 2032 1636 the
2043 1603 2232 1644 joy-bells,
2239 1603 2365 1636 Christ
2375 1604 2407 1637 is
2422 1604 2476 1636 ris
2488 1619 2503 1629 -
2518 1607 2580 1636 en

378 1645 466 1681 Ring
532 1647 590 1676 the
602 1646 698 1680 bells,
773 1646 847 1681 ring
901 1645 958 1675 the
970 1645 1066 1680 bells,
1145 1645 1230 1680 Ring
1274 1644 1333 1674 the
1344 1644 1439 1679 bells,
1540 1645 1594 1679 joy
1612 1659 1626 1667 -
1642 1645 1736 1675 bells.

382 1902 477 1938 Ring,

578 1903 663 1937 ring,

763 1902 846 1937 ring,

959 1902 1042 1937 ring,

1144 1899 1240 1936 Ring,

1306 1900 1381 1936 ring

1508 1900 1565 1935 joy
1597 1914 1611 1922 -
1643 1900 1738 1930 bells.

398 1946 522 1973 Copyright,
534 1946 589 1970 1890,
602 1945 630 1971 by
642 1945 761 1966 FILLMORE
773 1945 840 1966 BROS.
