2641 3647
527 249 604 298 No.
625 249 691 296 69.
746 249 869 297 HOW
898 249 1216 295 BEAUTEOUS
1244 248 1359 294 ARE
1390 250 1556 296 THEIR
1582 249 1914 297 FEET.-S.M.
1968 250 2017 297 D.

1710 363 1747 397 J.
1762 363 1811 397 M.
1827 364 2060 403 SHOWALTER,
2076 366 2167 398 1892.

538 685 568 716 1,
592 683 684 716 How
699 683 893 716 beauteous
902 691 964 716 are
996 682 1092 715 their

1146 681 1225 718 feet,

1448 679 1544 713 Who
1564 681 1671 714 stand
1700 690 1748 715 on
1781 681 1821 713 Zi
1841 698 1858 709 -
1889 691 1957 717 ons
2010 684 2090 724 hill,

531 725 562 756 2.
585 725 679 757 How
721 723 794 764 hap
804 740 819 750 -
828 731 878 764 py
898 732 961 756 are
1019 731 1090 756 our
1142 730 1229 761 ears,

1444 720 1540 753 That
1579 721 1667 754 hear
1686 722 1749 755 the
1766 723 1830 764 joy
1850 740 1866 750 -
1894 724 1951 757 ful
1999 726 2132 767 sound,

526 766 557 797 3.
592 763 669 797 The
677 765 876 797 watchmen
884 764 966 805 join
986 763 1082 797 their
1131 764 1241 802 voice,

1435 762 1520 794 And
1562 764 1669 796 tune-
1679 762 1731 795 ful
1742 766 1845 797 notes
1877 772 1937 797 em
1950 782 1965 790 -
1985 766 2089 807 ploy;

537 1401 633 1434 Who
660 1400 765 1442 bring
779 1400 845 1434 sal-
860 1409 904 1434 va,
923 1417 939 1427 -
959 1401 1036 1433 tion
1065 1410 1114 1435 on
1155 1402 1245 1435 their
1258 1405 1418 1442 tongues,
1427 1403 1510 1434 And
1525 1401 1643 1435 words

1724 1403 1768 1435 of
1781 1409 1888 1444 peace
1940 1411 1980 1435 re
1998 1419 2014 1429 -
2049 1402 2142 1435 veal!

518 1441 649 1475 Which
661 1442 767 1482 kings
777 1441 848 1475 and
859 1441 1027 1482 prophets
1041 1441 1128 1475 wait
1191 1443 1235 1475 ed
1303 1444 1361 1476 for
1422 1443 1507 1475 And
1522 1443 1665 1483 sought,
1702 1442 1769 1475 but
1788 1451 1858 1476 nev
1889 1458 1905 1466 -

1938 1451 1978 1476 er

2050 1442 2179 1477 found

554 1482 602 1516 Je
619 1496 634 1506 -
674 1490 718 1515 ru
732 1497 748 1506 -
767 1482 893 1515 sa-lem
908 1482 1036 1515 breaks
1045 1482 1142 1516 forth
1194 1484 1234 1516 in
1274 1492 1393 1524 songs,
1418 1483 1502 1516 And
1553 1484 1616 1517 des
1700 1483 1879 1517 erts learn

1921 1483 1985 1516 the

2059 1484 2136 1524 joy.

541 2087 636 2120 How
662 2086 787 2120 charm
801 2103 818 2113 -
829 2086 893 2128 ing
943 2088 975 2120 is

1055 2087 1150 2121 their

1203 2089 1319 2128 voice,

1513 2089 1608 2122 How
1622 2092 1731 2122 sweet
1739 2088 1833 2122 their
1840 2088 1894 2121 tid
1907 2104 1923 2115 -
1941 2089 2024 2128 ings
2071 2092 2150 2122 are!

542 2128 636 2161 How
687 2127 781 2161 bless
801 2142 818 2151 -
841 2128 886 2160 ed
925 2136 987 2161 are

1074 2137 1143 2162 our

1203 2138 1295 2170 eyes,

1513 2129 1608 2162 That
1661 2138 1719 2163 see
1742 2129 1817 2162 this
1825 2129 2013 2169 heav'n-ly
2056 2129 2163 2169 light!

553 2168 631 2202 The
678 2168 772 2202 Lord
786 2168 910 2201 makes
920 2168 1003 2202 bear

1070 2169 1141 2202 His

1201 2178 1289 2208 arm,

1456 2169 1627 2211 Through
1666 2170 1717 2203 all
1744 2170 1807 2203 the
1816 2170 1917 2203 earth
1971 2179 1994 2203 a
2021 2187 2037 2195 -
2061 2170 2180 2209 broad;

1758 2549 1790 2589 C

584 2804 628 2837 Zi
655 2819 670 2828 -
704 2813 764 2844 on,
792 2803 939 2839 be-hold
960 2805 1040 2846 Thy
1082 2806 1152 2839 Sav
1165 2822 1181 2831 -
1193 2806 1277 2840 iour
1315 2807 1425 2849 King,
1454 2807 1514 2840 He
1530 2808 1649 2846 reigns

1714 2805 1788 2840 and
1814 2804 2011 2845 tri-umphs
2031 2804 2125 2838 here.

546 2844 677 2885 Proph-
694 2848 747 2879 ets
774 2846 845 2879 and
834 2845 958 2887 dkings
992 2847 1037 2879 de
1049 2863 1063 2873 -
1076 2847 1169 2880 sired
1244 2849 1275 2880 it
1314 2849 1411 2887 long,
1443 2849 1516 2881 But

1557 2847 1639 2881 died

1703 2846 1879 2879 with-out
1929 2846 1994 2878 the
2032 2846 2138 2884 sight.

571 2885 639 2919 Let
705 2894 751 2920 ev
757 2903 772 2913 -
793 2891 841 2926 ry
867 2895 916 2920 na
931 2903 945 2912 -
956 2887 1033 2920 tion
1076 2896 1160 2921 now
1228 2888 1273 2921 be
1285 2903 1300 2913 -
1315 2887 1404 2921 hold
1431 2889 1538 2923 Their
1563 2887 1635 2921 Sav
1710 2886 1883 2920 iour and
1912 2886 2007 2920 their
2034 2885 2138 2918 Lord.

1275 3204 1340 3242 35
