2271 3233
787 214 1043 281 CHRIST
1077 215 1220 281 OUR
1253 215 1446 281 HOPE.

369 356 551 395 W.A.O.

1556 357 1614 393 W.
1634 360 1677 394 A.
1701 359 1854 396 OGDEN.

438 632 472 666 1.
497 632 565 666 We
613 639 683 665 our
695 639 794 665 VOWS
829 634 868 665 to
904 630 985 665 God
1025 630 1289 674 havespo-ken;
1300 631 1352 673 By
1369 631 1432 665 the
1446 631 1648 676 pledgeour
1659 631 1749 667 faith
1771 633 1940 673 issealed,

438 688 471 721 2.
498 687 565 722 We
618 697 679 721 are
708 686 779 721 His
822 687 870 729 by
900 687 983 728 sign
1021 686 1093 720 and
1117 687 1153 721 fa
1163 702 1179 711 -
1194 694 1272 726 vor;
1290 687 1355 720 We
1369 696 1431 722 are
1463 687 1531 721 His
1569 688 1617 730 by
1641 688 1737 723 word
1759 689 1804 722 of
1813 688 1940 732 might,

438 744 472 779 3.
498 742 595 786 Help
626 751 681 784 us,
729 743 760 777 O
811 751 879 777 our
893 742 984 777 heav
991 760 1007 769 -
1022 742 1106 785 enly
1117 742 1169 776 Fa
1184 742 1274 783 ther,
1289 742 1378 777 Now
1388 745 1426 777 to
1449 743 1541 786 keep
1552 752 1620 777 our
1641 752 1742 779 VOWS
1763 746 1802 778 to
1823 744 1935 788 Thee;

486 1364 545 1398 Un
562 1381 578 1391 -
598 1365 637 1397 to
653 1363 776 1398 Christ
804 1373 871 1398 our
880 1363 970 1398 lives
998 1372 1060 1397 are
1095 1364 1274 1405 giv-en,
1172 1380 1191 1390 -
1278 1363 1361 1397 And
1398 1365 1437 1396 to
1459 1363 1547 1396 Him
1555 1372 1623 1397 our
1632 1363 1763 1406 pow'rs
1770 1364 1939 1406 we yield.

468 1419 557 1454 And
569 1419 678 1453 'twill
692 1419 739 1454 be
805 1428 872 1453 one
886 1419 961 1453 sole
1005 1417 1279 1453 en-deav-or
1182 1436 1197 1444 -
1271 1418 1357 1452 E'er
1392 1419 1430 1451 to
1444 1418 1549 1452 stand
1560 1418 1614 1452 for
1636 1418 1713 1453 God
1736 1419 1807 1453 and
1816 1419 1924 1463 right.

479 1475 562 1510 And
600 1475 640 1509 in
677 1484 743 1509 con
765 1493 780 1502 -
796 1475 874 1509 flict
885 1484 968 1517 may
1001 1484 1056 1509 we
1099 1484 1143 1508 ev
1172 1491 1188 1500 -
1209 1483 1249 1508 er
1261 1474 1358 1508 True
1384 1473 1457 1508 and
1470 1473 1619 1508 faithful
1649 1474 1820 1510 foll'wers
1845 1474 1901 1510 be.

442 1834 611 1869 CHORUS.

456 2094 557 2129 Bless
571 2112 585 2121 -
596 2095 642 2128 ed
686 2094 720 2128 is
755 2093 818 2128 the
848 2103 913 2128 con
928 2110 943 2119 -
957 2102 998 2127 SO
1019 2109 1036 2118 -
1071 2093 1120 2126 la-
1137 2092 1223 2132 tion,
1230 2091 1353 2127 Christ
1358 2092 1422 2126 the
1427 2091 1521 2134 hope
1539 2092 1584 2126 of
1614 2101 1683 2127 our
1702 2092 1933 2135 sal- va-tion,

451 2704 583 2748 Reign-
598 2704 660 2738 eth
669 2703 850 2747 Kingo'er
888 2712 933 2737 ev
946 2720 962 2730 -
971 2701 1030 2745 'ry
1066 2701 1230 2736 na-tion!
1247 2700 1332 2735 And
1361 2702 1400 2734 to
1414 2700 1504 2735 Him
1535 2709 1767 2737 our vows we
1788 2710 1870 2744 pay.

1081 2984 1147 3019 54
