2563 3344
1002 243 1178 281 HYMNS
1209 242 1275 280 OF
1303 241 1578 280 DEVOTION.

408 347 696 383 ENTREATY.
733 346 828 380 6s &
839 347 906 380 5s.
941 345 990 379 D.

1772 341 1811 373 E.
1830 341 1869 373 G.
1888 341 2002 374 MONK
2017 341 2104 379 (1819

446 628 480 662 1.
500 626 543 662 In
558 626 613 661 the
625 626 704 660 hour
716 625 753 660 of
781 625 828 659 tri
839 641 855 650 -
867 624 912 663 al,
944 622 1157 665 Je-sus,plead
1170 622 1223 657 for
1256 630 1323 664 me;
1340 622 1421 657 Lest
1433 623 1474 664 by
1487 622 1560 657 base
1570 623 1612 656 de
1623 639 1639 648 -
1652 624 1683 656 ni
1728 641 1742 648 -
1778 624 1811 657 al
1865 622 1888 657 I
1915 623 2038 664 de-part
2045 622 2124 658 from
2133 622 2242 664 Thee;

1347 690 1620 760 popp

411 788 481 840 0.2

329 979 2257 1140 fo/

385 1168 492 1204 When
501 1168 594 1202 Thou
601 1168 695 1201 see'st
702 1175 749 1200 me
759 1171 882 1204 wav-er,
887 1164 980 1198 With
994 1172 1015 1197 a
1037 1164 1108 1197 look
1121 1172 1159 1196 re
1192 1179 1208 1188 -
1220 1163 1294 1201 call,
1312 1162 1385 1197 Nor
1397 1162 1449 1197 for
1461 1163 1530 1196 fear
1543 1171 1581 1197 or
1608 1163 1663 1197 fa-
1677 1172 1736 1197 vor
1793 1162 1920 1198 Suf-fer
1928 1173 1976 1198 me
2003 1167 2038 1198 to

2111 1163 2183 1198 fall.

339 1287 428 1365 9:

342 1535 419 1594 92

654 1554 697 1585 In
705 1554 763 1584 the
772 1553 866 1584 Hour
876 1552 917 1589 of
926 1552 1032 1583 Trial.

1371 1565 1399 1604 4
1427 1562 1559 1604 When
1576 1575 1640 1616 my
1657 1563 1738 1604 last
1754 1562 1853 1604 hour
1865 1564 2031 1614 cometh,

512 1615 536 1655 1
565 1613 616 1653 In
634 1611 701 1652 the
719 1610 817 1651 hour
836 1610 883 1650 of
895 1608 998 1658 trial,

1427 1617 1608 1671 Fraught
1625 1619 1718 1659 with
1735 1619 1844 1660 strife
1861 1619 1939 1660 and
1957 1621 2062 1673 pain,

562 1668 688 1718 Jesus,
706 1666 823 1720 plead
840 1665 902 1705 for
918 1674 998 1714 me;

1380 1674 1508 1715 When
1526 1687 1590 1726 my
1608 1674 1701 1715 dust
1717 1674 1916 1716 returneth

518 1725 616 1766 Lest
632 1724 685 1775 by
705 1723 797 1763 base
814 1720 943 1761 denial

1433 1731 1492 1771 To
1511 1729 1580 1771 the
1596 1730 1689 1771 dust
1707 1730 1841 1783 again;

570 1780 595 1821 I
611 1779 755 1830 depart
772 1777 870 1818 from
887 1775 1012 1826 Thee;

1381 1785 1444 1828 On
1461 1785 1549 1838 Thy
1566 1786 1676 1827 truth
1694 1786 1855 1839 relying,

514 1835 646 1876 When
663 1834 777 1874 Thou
793 1835 911 1873 see'st
934 1842 995 1871 me
1012 1841 1150 1880 waver,

1424 1841 1612 1894 Through
1628 1841 1719 1882 that
1735 1842 1876 1882 mortal
1887 1841 2005 1891 strife,

571 1889 687 1931 With
704 1901 731 1929 a
747 1887 842 1929 look
858 1886 990 1936 recall,

1371 1898 1499 1948 Jesus,
1519 1898 1614 1938 take
1631 1908 1704 1947 me,
1725 1896 1855 1950 dying,

518 1947 609 1988 Nor
625 1947 687 1986 for
704 1946 788 1987 fear
806 1958 851 1986 or
868 1945 982 1985 favor

1427 1953 1488 1995 To
1506 1952 1654 1994 eternal
1673 1951 1749 1994 life.

570 1999 697 2041 Suffer
712 2010 775 2039 me
788 2001 832 2039 to
849 1996 929 2039 fall.

1690 2017 1787 2045 James
1796 2016 1990 2051 Montgomery
2002 2016 2114 2050 (1771-
2129 2018 2217 2051 1854).

516 2124 544 2165 2
570 2123 685 2164 With
703 2122 906 2162 forbidden
923 2120 1119 2173 pleasures

1321 2117 1398 2175 93

1514 2139 1536 2168 2
1551 2137 1622 2168 Cor.
1641 2136 1702 2167 xii:
1719 2139 1747 2166 9.
1770 2135 1899 2175 (TUNE
1914 2135 2060 2173 VIRGO.)

572 2178 720 2220 Would
734 2177 812 2218 this
829 2177 918 2217 vain
936 2174 1061 2216 world
1077 2173 1228 2226 charm;

1381 2197 1404 2237 1
1434 2195 1515 2236 Let
1532 2205 1593 2234 me
1612 2194 1684 2234 but
1701 2192 1796 2234 hear
1815 2204 1879 2245 my
1898 2192 2064 2234 Saviour
2080 2204 2163 2245 say,

518 2235 576 2276 Or
592 2235 645 2275 its
661 2234 792 2274 sordid
811 2235 1002 2273 treasures

1384 2249 1605 2303 "Strength
1621 2248 1721 2289 shall
1741 2249 1789 2289 be
1808 2249 1921 2301 equal
1940 2252 1984 2289 to
2003 2249 2074 2301 thy
2093 2249 2211 2301 day;"

569 2290 720 2343 Spread
739 2293 783 2329 to
803 2287 910 2328 work
928 2298 989 2326 me
1006 2284 1136 2337 harm;

1375 2307 1485 2348 Then
1501 2304 1528 2347 I
1543 2305 1682 2357 rejoice
1698 2305 1739 2345 in
1757 2305 1856 2356 deep
1871 2305 2043 2355 distress,

515 2346 640 2399 Bring
652 2349 696 2386 to
714 2357 779 2396 my
800 2342 1080 2383 remembrance

1374 2362 1552 2413 Leaning
1570 2371 1622 2401 on
1638 2361 1892 2401 all-sufficient
1907 2372 2039 2413 grace.

573 2400 657 2443 Sad
676 2399 947 2447 Gethsemane,

518 2457 588 2508 Or,
606 2457 647 2497 in
665 2456 806 2496 darker
821 2454 1050 2504 semblance,

573 2510 879 2554 Cross-crown'd
899 2508 1078 2561 Calvary.

1377 2499 1405 2538 2
1432 2496 1457 2538 I
1474 2507 1547 2537 can
1565 2495 1617 2536 do
1636 2494 1690 2535 all
1709 2493 1904 2547 things-
1915 2507 1961 2534 or
1978 2506 2051 2534 can
2069 2493 2166 2534 bear

1379 2552 1450 2593 All
1468 2552 1659 2604 suffering,
1680 2549 1715 2591 if
1729 2561 1792 2602 my
1812 2550 1922 2591 Lord
1938 2550 1990 2590 be
2007 2549 2138 2599 there;

520 2638 546 2677 3
573 2635 724 2677 Should
742 2634 830 2686 Thy
847 2644 976 2684 mercy
993 2631 1088 2673 send
1102 2642 1164 2671 me

1377 2607 1508 2649 Sweet
1524 2607 1720 2658 pleasures
1736 2604 1880 2658 mingle
1898 2604 1992 2645 with
2009 2604 2077 2646 the
2094 2605 2217 2657 pains,

572 2690 740 2741 Sorrow,
760 2689 848 2739 toil;
861 2688 939 2730 and
958 2698 1060 2739 woe;

1382 2663 1516 2704 While
1536 2662 1602 2703 He
1618 2672 1683 2714 my
1699 2660 1853 2714 sinking
1868 2659 1971 2702 head
1988 2662 2165 2701 sustains.

520 2747 579 2788 Or
595 2746 733 2787 should
743 2746 835 2797 pain
853 2744 992 2785 attend
1009 2753 1071 2783 me

578 2801 642 2844 On
658 2812 723 2853 my
740 2800 838 2853 path
856 2799 1001 2849 below;

1383 2811 1409 2851 3
1438 2810 1463 2849 I
1479 2809 1592 2860 glory
1609 2807 1651 2848 in
1667 2805 1861 2858 infirmity,

521 2858 651 2900 Grant
668 2857 758 2897 that
773 2858 798 2896 I
816 2867 906 2907 may
922 2865 1039 2895 never

1380 2864 1488 2904 That
1500 2862 1659 2903 Christ's
1670 2874 1756 2903 own
1767 2873 1899 2914 power
1908 2873 1998 2912 may
2007 2864 2090 2902 rest
2108 2872 2159 2901 on
2168 2872 2248 2912 me;

575 2912 666 2954 Fail
682 2911 770 2964 Thy
787 2910 894 2952 hand
912 2914 955 2950 to
974 2920 1066 2954 see;

1380 2920 1513 2961 When
1528 2917 1555 2959 I
1572 2929 1636 2958 am
1654 2918 1774 2968 weak,
1795 2917 1889 2957 then
1907 2928 1970 2957 am
1988 2916 2012 2958 I
2029 2919 2185 2968 strong;

522 2969 651 3011 Grant
668 2967 759 3008 that
775 2966 801 3007 I
817 2977 907 3017 may
924 2975 1016 3007 ever

1382 2974 1512 3016 Grace
1528 2974 1562 3014 is
1574 2985 1639 3026 my
1655 2973 1787 3022 shield,
1794 2973 1871 3012 and
1891 2972 2022 3013 Christ
2037 2983 2104 3024 my
2116 2982 2227 3027 song.

577 3024 672 3066 Cast
689 3036 754 3075 my
771 3034 860 3063 care
879 3033 930 3061 on
948 3021 1064 3061 Thee.

1727 3041 1792 3069 Rev.
1808 3039 1893 3067 Isaac
1909 3038 1995 3067 Watts
2008 3037 2103 3070 (1674 -
2127 3036 2220 3069 1748).

1238 3105 1316 3143 (38)
