2442 3617
1163 252 1244 297 29

710 439 819 503 God
844 440 944 502 will
968 440 1091 502 take
1117 439 1251 503 Care
1275 439 1337 501 of
1355 439 1483 502 You.
1493 455 1765 499 -Concluded.

636 755 691 790 Fa
706 772 721 781 -
735 757 830 794 ther,
840 755 895 788 Re
903 771 919 780 -
929 755 1028 787 deem
1064 761 1105 785 er
1138 752 1209 785 and
1222 754 1367 785 Friend!
1382 753 1430 785 Je
1439 769 1453 777 -
1463 761 1525 785 sus
1560 753 1633 785 will
1657 763 1704 787 an
1722 772 1736 779 -
1753 763 1844 788 swer
1856 755 1969 787 when-

639 1241 685 1266 ev
733 1241 772 1265 er
800 1241 871 1273 you
912 1232 992 1272 call,
1042 1233 1100 1266 He
1133 1232 1210 1267 will
1225 1233 1311 1266 take
1322 1242 1403 1266 care
1426 1232 1470 1265 of
1478 1241 1558 1273 you,
1567 1234 1662 1266 trust
1672 1232 1754 1265 Him
1761 1232 1819 1266 for
1831 1231 1891 1266 all.

236 1629 382 1672 HOLY
399 1629 586 1678 GHOST,
605 1629 762 1671 WITH
778 1629 947 1672 LIGHT
960 1628 1175 1670 DIVINE.

1297 1626 1381 1667 MY
1397 1625 1574 1667 FAITH
1592 1624 1762 1667 LOOKS
1779 1624 1851 1666 UP
1868 1624 1935 1666 TO
1953 1623 2117 1665 THEE.

472 1727 626 1774 Pleyels
638 1729 903 1774 Hymn-Key
920 1727 968 1765 G.

1467 1723 1580 1759 Tune
1595 1720 1851 1768 Olivet-Key
1877 1719 1939 1758 E2.

236 1818 350 1866 Holy
363 1818 512 1865 Ghost,
529 1818 630 1856 with
642 1817 753 1865 light
766 1817 924 1862 divine,

1234 1800 1308 1848 My
1322 1800 1431 1839 faith
1446 1800 1570 1839 looks
1584 1809 1642 1847 up
1656 1802 1704 1838 to
1717 1799 1832 1844 thee,

1233 1857 1353 1894 Thou
1366 1856 1496 1894 Lamb
1510 1857 1558 1893 of
1579 1855 1775 1903 Calvary,

231 1885 361 1924 Shine
376 1894 493 1932 upon
505 1885 594 1923 this
606 1884 733 1922 heart
746 1885 793 1922 of
805 1883 937 1929 mine;

1412 1911 1591 1949 Saviour
1605 1910 1767 1949 divine:

235 1952 373 1991 Chase
386 1952 460 1990 the
475 1952 629 1990 shades
642 1953 690 1989 of
701 1951 825 1998 night
840 1959 972 1997 away,

1234 1968 1341 2005 Now
1354 1968 1460 2004 hear
1473 1976 1541 2004 me
1556 1966 1681 2004 while
1694 1967 1720 2003 I
1739 1975 1859 2014 pray,

233 2020 348 2057 Turn
361 2028 436 2066 my
450 2019 656 2057 darkness
668 2019 761 2056 into
775 2018 872 2065 day.

1234 2023 1351 2061 Take
1365 2022 1424 2060 all
1437 2032 1510 2068 my
1524 2022 1634 2069 guilt
1647 2031 1780 2069 away,

1237 2079 1272 2116 o
1285 2078 1348 2116 let
1361 2088 1430 2116 me
1443 2079 1554 2116 from
1569 2078 1656 2116 this
1669 2077 1753 2123 day

236 2132 350 2179 Holy
364 2131 514 2179 Ghost,
529 2131 632 2169 with
645 2139 792 2179 power
804 2129 962 2176 divine,

1412 2133 1473 2171 Be
1489 2133 1644 2180 wholly
1658 2133 1796 2171 thine!

236 2199 413 2238 Cleanse
426 2199 514 2237 this
526 2198 663 2246 guilty
676 2197 803 2235 heart
815 2198 862 2235 of
874 2196 1006 2243 mine;

1236 2212 1337 2258 May
1349 2212 1429 2258 thy
1442 2211 1534 2250 rich
1549 2220 1676 2259 grace
1690 2211 1849 2258 impart

236 2267 354 2313 Long
366 2266 471 2304 hath
486 2266 567 2312 sin,
582 2265 763 2303 without
776 2263 955 2310 control,

1235 2267 1436 2314 Strength
1452 2267 1499 2305 to
1513 2276 1586 2313 my
1601 2267 1784 2313 fainting
1798 2267 1935 2313 heart,

236 2333 350 2371 Held
362 2333 577 2371 dominion
592 2334 683 2371 o'er
695 2340 769 2379 my
783 2331 889 2369 soul.

1414 2322 1487 2369 My
1501 2323 1594 2360 zeal
1605 2323 1782 2370 inspire!

1236 2379 1295 2416 As
1309 2378 1414 2416 thou
1427 2378 1525 2416 hast
1539 2378 1638 2417 died
1651 2378 1720 2417 for
1734 2387 1817 2425 me,

236 2445 350 2492 Holy
364 2444 513 2492 Ghost,
529 2444 632 2483 with
643 2445 717 2491 joy
731 2442 889 2490 divine,

1236 2434 1271 2471 o
1284 2443 1384 2480 may
1397 2443 1470 2481 my
1485 2434 1584 2472 love
1598 2436 1646 2471 to
1660 2434 1762 2472 thee

236 2512 373 2550 Cheer
386 2512 473 2549 this
485 2510 699 2549 saddened
709 2510 835 2548 heart
847 2511 894 2547 of
907 2510 1039 2555 mine;

1235 2490 1358 2536 Pure,
1373 2499 1519 2536 warm,
1534 2489 1617 2527 and
1632 2489 1879 2537 changeless
1893 2488 1962 2536 be,

1414 2547 1452 2583 A
1465 2545 1599 2593 living
1613 2545 1708 2584 fire!

237 2579 315 2617 Bid
328 2589 401 2625 my
416 2588 543 2626 many
557 2585 672 2616 woes
685 2578 851 2625 depart,

235 2646 344 2684 Heal
357 2655 431 2692 my
445 2644 666 2693 wounded,
681 2644 877 2691 bleeding
889 2644 1027 2681 heart.

1236 2623 1373 2661 When
1388 2623 1493 2661 ends
1507 2622 1621 2661 life's
1633 2623 1844 2662 transient
1857 2623 2018 2670 dream,

1235 2679 1373 2716 When
1388 2678 1554 2717 death's
1568 2678 1678 2725 cold,
1692 2679 1830 2717 sullen
1843 2682 2005 2717 stream

1414 2733 1531 2772 Shall
1546 2736 1637 2772 o'er
1649 2744 1719 2771 me
1732 2735 1831 2772 roll!

236 2757 350 2805 Holy
363 2757 508 2806 Spirit,
522 2756 581 2794 all
593 2756 753 2804 divine,

1236 2790 1353 2828 Blest
1366 2790 1556 2838 Saviour,
1571 2790 1691 2836 then,
1705 2790 1751 2828 in
1764 2790 1880 2837 love,

234 2825 370 2863 Dwell
383 2824 529 2862 within
542 2824 629 2862 this
640 2823 769 2861 heart
781 2824 829 2860 of
841 2823 972 2868 mine;

1234 2846 1341 2883 Fear
1354 2846 1439 2883 and
1453 2845 1631 2884 distrust
1644 2854 1835 2892 remove;

234 2893 336 2931 Cast
348 2892 472 2930 down
487 2900 618 2938 every
632 2889 910 2937 idol-throne,

1235 2901 1270 2938 O
1286 2903 1387 2939 bear
1401 2912 1469 2938 me
1484 2903 1577 2939 safe
1591 2902 1741 2947 above,

235 2960 370 3008 Reign
383 2968 580 3008 supreme
594 2958 680 2998 and
693 2959 816 3006 reign
828 2958 966 2996 alone.

1414 2958 1452 2994 A
1466 2956 1690 2996 ransomed
1703 2957 1815 2996 soul!
