3042 2418
328 317 517 371 L78

1129 321 1320 367 COME
1348 321 1435 367 TO
1462 321 1589 376 ME,
1621 320 1946 368 SAVIOUR.

510 408 598 438 MRS.
610 406 654 437 M.
666 407 702 437 P.
715 407 753 437 A.
765 407 926 438 CROZIER.

1128 407 1156 437 I
1165 408 1233 438 will
1242 411 1300 438 not
1310 409 1398 438 leave
1407 416 1471 444 you
1482 409 1700 439 comfortless.
1694 410 1714 425 "
1719 422 1753 432 -
1756 409 1844 438 John
1858 408 1958 439 14:18.

2230 409 2355 440 FRANK
2367 410 2410 440 M.
2423 411 2539 442 DAVIS.

513 642 545 674 1.
569 641 674 674 Come
716 645 755 673 to
798 650 862 680 me,
877 643 1030 681 Saviour,
1045 651 1141 675 come
1154 651 1231 675 now
1245 644 1282 674 in
1326 651 1383 683 my
1424 645 1522 684 grief,
1568 643 1642 683 Thy
1663 645 1722 676 ten
1737 658 1751 667 -
1767 644 1828 675 der
1848 651 2019 683 pres-ence
2061 644 2092 675 is
2120 646 2289 676 sweet-est
2315 652 2355 676 re
2389 660 2405 669 -
2439 645 2516 684 lief;

510 694 545 726 2.
570 694 675 727 Come
717 698 756 726 to
798 703 864 733 me,
880 694 1032 734 Saviour,
1062 696 1118 727 for
1143 695 1232 727 dark
1260 696 1291 727 is
1335 696 1395 727 the
1415 696 1526 736 night,
1572 695 1673 727 Vain-
1688 695 1724 735 ly
1788 695 1811 728 I
1852 696 1934 728 seek
1961 696 2017 727 for
2030 704 2123 728 some
2134 698 2235 728 star's
2248 697 2369 729 fee-ble
2419 698 2518 738 light,

511 746 545 779 3.
570 747 674 779 Come
687 748 770 779 with
784 748 845 779 the
859 748 1052 788 brightness
1059 748 1136 779 that
1143 748 1259 780 beams
1268 748 1306 780 in
1320 747 1395 789 Thy
1442 748 1529 787 face,
1575 748 1678 780 Come
1686 748 1769 779 with
1778 748 1837 779 the
1844 748 1957 780 smiles
1966 748 2006 780 of
2031 748 2106 788 Thy
2121 757 2193 780 mer
2205 765 2220 774 -
2234 757 2274 789 cy
2317 749 2388 782 and
2407 758 2518 791 grace,

543 833 571 876 9

515 884 572 924 98

557 1226 631 1267 Thy
645 1227 744 1259 heart
752 1227 837 1258 hath
846 1227 969 1259 known
979 1227 1026 1259 all
1047 1227 1107 1259 the
1151 1235 1195 1259 an
1209 1242 1225 1251 -
1236 1228 1339 1267 guish

1361 1228 1381 1259 I

1445 1228 1524 1266 feel,

1615 1228 1688 1269 Thy
1708 1228 1784 1260 love
1814 1236 1836 1259 a
1864 1244 1878 1252 -
1897 1228 1977 1260 lone
2013 1229 2062 1259 all
2104 1229 2181 1260 that
2197 1229 2354 1270 an-guish
2369 1238 2432 1261 can
2447 1229 2535 1261 heal.

557 1278 586 1311 O

609 1294 624 1304 -
658 1287 724 1319 pen
739 1282 835 1312 mine
852 1287 930 1319 eyes
975 1283 1011 1312 to
1054 1280 1097 1312 be
1110 1296 1126 1306 -
1135 1280 1221 1312 hold
1248 1283 1287 1311 at
1327 1288 1387 1320 my

1443 1281 1525 1320 side,

1614 1281 1658 1313 Je
1678 1297 1693 1305 -
1707 1287 1766 1312 sus
1793 1288 1852 1320 my
1894 1281 1960 1313 Sav
1977 1296 1991 1306 -
2004 1281 2089 1320 iour,
2105 1289 2163 1321 my
2178 1280 2261 1320 God,
2272 1282 2339 1313 and
2349 1289 2404 1321 my
2413 1280 2442 1314 G
2452 1282 2540 1314 uide.

558 1331 671 1371 Come,
682 1332 751 1363 and
759 1332 842 1363 with
851 1332 1029 1373 foot-steps
1057 1340 1097 1364 as
1154 1334 1185 1364 si
1198 1347 1214 1357 -
1239 1332 1314 1364 lent
1341 1332 1411 1365 and
1438 1333 1526 1372 fleet,

1616 1333 1776 1374 Morning
1788 1333 1877 1365 shall
1891 1341 1986 1365 come
1999 1334 2083 1365 with
2096 1332 2172 1374 Thy
2185 1334 2273 1366 beau
2284 1350 2297 1359 -
2307 1335 2338 1366 ti
2349 1350 2363 1359 -
2377 1334 2431 1365 ful
2458 1334 2540 1367 feet.

581 1610 765 1640 CHORUS.

557 1818 661 1851 Come
675 1821 713 1851 to
733 1826 799 1858 me,

845 1820 911 1852 Sav
925 1835 939 1843 -
954 1820 1038 1857 iour,
1054 1827 1149 1852 come
1177 1821 1215 1852 to
1258 1828 1315 1852 me
1358 1820 1520 1859 Sav-iour,
1544 1820 1618 1860 Thy
1631 1820 1730 1853 heart
1742 1820 1828 1852 hath
1842 1820 1967 1853 known
1982 1820 2030 1852 all
2057 1820 2120 1851 the
2143 1820 2307 1861 an-guish

2348 1819 2369 1852 I

2433 1820 2520 1859 feel;
