2100 3279
322 258 421 319 No.
462 253 516 320 8.

645 255 719 318 Be
742 253 940 336 Ready
968 256 1162 320 When
1186 251 1273 317 He
1295 252 1494 318 Comes.

321 345 360 371 A.
372 343 408 371 P.
420 342 518 370 COBB.

1530 342 1562 375 J.
1577 343 1619 371 H.
1633 344 1824 371 FILLMORE.

366 583 397 617 1.
420 584 500 619 Are
503 593 580 626 you
590 582 706 626 ready
716 582 776 616 for
785 589 883 626 your
894 581 1008 621 Lord,
1018 580 1160 616 should
1172 581 1221 615 he
1232 582 1365 616 come?
1374 579 1515 615 should
1525 579 1575 614 he
1585 580 1719 615 come?
1728 580 1803 614 Are
1812 591 1890 625 you

365 628 398 662 2.
424 627 497 668 Oh,
508 627 619 662 there
634 626 672 661 '11
720 627 768 660 be
813 635 855 660 re
873 625 1031 669 -joicing
1044 625 1155 660 when
1171 625 1220 659 he
1230 625 1385 660 comes?
1396 625 1505 658 when
1521 624 1571 658 he
1582 631 1714 659 comes
1743 623 1782 658 If
1789 635 1846 658 we

366 672 398 707 3.
422 672 515 707 See!
560 671 629 706 the
644 670 770 705 saints
816 678 865 704 en
879 686 892 696 -
903 673 963 703 ter
991 671 1035 703 in
1046 670 1156 704 when
1171 669 1221 703 he
1231 671 1384 703 comes?
1396 669 1507 703 when
1523 669 1573 702 he
1586 676 1719 704 comes
1744 668 1799 704 To
1812 669 1879 703 the

448 1146 564 1190 ready

646 1145 706 1180 for
721 1145 785 1179 his
829 1154 917 1179 sum

1008 1153 1123 1180 mons
1135 1143 1275 1179 home?
1284 1143 1501 1185 (summons
1513 1143 1630 1181 home
1639 1142 1665 1185 ?)
1680 1147 1782 1178 Does
1792 1154 1888 1188 your

447 1191 540 1225 hear

671 1189 755 1224 him
778 1189 917 1233 saying
951 1188 1153 1225 "Children
1160 1185 1291 1224 come!
1303 1187 1524 1228 ("Children
1535 1195 1647 1224 come
1653 1187 1675 1229 !)
1689 1189 1816 1229 Come,
1826 1198 1874 1231 ye

446 1233 628 1278 wedding
637 1235 750 1269 when
761 1234 828 1269 the
841 1236 951 1268 Bride
964 1250 980 1261 -
991 1242 1129 1277 groom
1139 1239 1275 1269 comes
1280 1232 1289 1266 !
1303 1233 1426 1274 (when
1439 1232 1488 1266 he
1500 1230 1662 1275 comes!)
1677 1233 1851 1278 Brightly

431 1664 610 1698 anx-ious
626 1662 709 1705 spir
729 1678 745 1690 -
767 1662 800 1695 it
822 1661 936 1703 burn,
974 1662 1050 1696 His
1106 1671 1153 1703 ap
1163 1670 1264 1705 pear
1275 1678 1292 1688 -
1302 1663 1372 1704 ing
1401 1666 1444 1696 to
1502 1660 1697 1697 dis-cern?
1707 1663 1781 1697 Are
1790 1672 1867 1705 you

431 1706 600 1742 bless-ed
644 1716 695 1740 en
717 1722 734 1733 -
756 1710 815 1740 ter
851 1705 905 1746 in,
946 1706 967 1739 I
976 1706 1073 1740 have
1086 1705 1253 1740 cleans'd
1264 1715 1340 1748 you
1353 1707 1454 1740 from
1467 1705 1517 1740 all
1530 1706 1590 1740 sin
1602 1706 1637 1739 !"
1647 1706 1718 1747 Oh,
1729 1706 1839 1740 there
1850 1705 1888 1739 '11

431 1750 602 1795 burning
646 1750 683 1785 is
741 1750 835 1784 each
848 1749 960 1794 light,
975 1749 1062 1784 And
1100 1750 1143 1783 in
1204 1751 1370 1784 raiment
1383 1750 1567 1794 spot-less
1579 1750 1705 1791 white,
1717 1751 1789 1785 See
1800 1750 1809 1784 !
1822 1751 1890 1784 the

1390 2028 1594 2056 CHORUS.

454 2237 570 2279 ready

651 2234 687 2269 if

723 2245 824 2279 your

867 2236 972 2270 Lord

1060 2235 1204 2270 should
1227 2239 1352 2271 come

454 2281 501 2314 be

677 2289 719 2314 re

848 2280 999 2324 joicing
1022 2280 1134 2315 when
1165 2281 1215 2315 he
1231 2286 1363 2316 comes
1396 2281 1467 2322 Oh,
1483 2280 1531 2314 be
1542 2280 1658 2324 ready
1703 2280 1764 2314 for
1805 2279 1888 2315 him

454 2325 576 2359 saints

651 2332 700 2359 en

716 2342 732 2351 -

743 2327 804 2359 ter

871 2326 914 2358 in

1004 2325 1116 2359 when

1162 2324 1212 2359 he

1227 2329 1370 2360 comes

400 2787 511 2821 when
534 2786 585 2821 he
598 2794 732 2821 comes
738 2787 748 2820 !
759 2787 870 2821 when
881 2787 931 2821 he
943 2795 1076 2822 comes
1083 2787 1093 2822 !
1103 2787 1175 2827 Oh,
1184 2787 1231 2821 be
1242 2787 1358 2831 ready
1368 2786 1429 2822 for
1441 2787 1525 2822 him
1536 2787 1647 2821 when
1658 2786 1709 2821 he
1720 2793 1853 2822 comes

307 2999 504 3035 Copyright,
517 3000 592 3033 1890,
605 3000 651 3033 by
663 2999 824 3027 Fillmore
837 3000 928 3027 Bros.

1044 3000 1079 3028 10
