2927 4012
331 318 400 369 32

968 388 1118 446 The
1159 390 1494 450 Hammer
1528 390 1666 449 and
1704 390 1823 447 the
1863 389 2048 447 Saw.

2152 509 2196 545 G.
2221 510 2282 544 W.
2304 510 2438 553 Lyons.
2483 510 2543 554 By
2557 517 2634 554 per.

525 801 562 840 1.

591 798 759 840 There's

777 800 845 839 the

881 811 948 841 mu

1025 803 1081 841 sic

1136 800 1182 840 of

1250 801 1319 841 the
1338 801 1455 850 birds,

1516 801 1609 841 And

1664 801 1731 840 the

1786 810 1853 840 mu

1938 801 1993 839 sic

2030 800 2075 839 of

2153 799 2221 839 the
2239 799 2349 849 bees;

2376 799 2545 840 There's
2571 800 2640 840 the

527 867 564 905 2.
633 865 730 905 Tho'
777 866 845 905 the
899 866 946 905 lit
1032 868 1088 906 tle
1106 867 1213 907 birds
1239 879 1329 917 may
1348 868 1445 920 sing,
1518 867 1613 907 And
1668 867 1736 906 the
1766 866 1871 906 balm
1898 887 1914 895 -
1941 877 1968 916 y
2004 865 2101 917 zeph
2118 888 2134 895 -
2150 877 2216 915 yrs
2235 864 2355 916 blow;
2429 865 2511 906 Yet

2567 866 2635 906 the

530 934 568 974 3.
630 932 714 972 The
860 944 953 973 man
1015 945 1103 984 may
1141 938 1212 974 not
1249 934 1299 974 be
1316 933 1454 975 skilled
1530 933 1610 973 For
1679 933 1746 973 the
1778 933 1876 984 harp
1945 944 1991 972 or
2032 932 2094 973 for
2158 933 2225 972 the
2244 932 2338 983 lyre,
2433 932 2516 972 But
2557 931 2658 973 have

561 1591 629 1620 mu
666 1581 722 1620 sic
759 1580 804 1620 of
854 1580 921 1619 the
938 1580 999 1620 for
1006 1601 1022 1611 -
1032 1583 1093 1620 est
1106 1580 1169 1620 On
1216 1580 1285 1620 the
1302 1580 1428 1631 grand
1465 1579 1530 1620 old
1576 1582 1691 1620 trees.
1730 1579 1925 1619 Na-ture's
1926 1579 2199 1629 sym-pho-ny
2254 1579 2288 1618 is
2300 1582 2431 1626 sweet,
2451 1578 2544 1619 And
2561 1578 2672 1618 with-

556 1645 619 1685 lar
630 1667 647 1677 -
657 1646 727 1686 der
740 1657 829 1696 may
857 1646 905 1686 be
919 1657 1006 1698 emp
1018 1668 1035 1678 -
1045 1651 1088 1697 ty
1105 1646 1200 1687 And
1215 1647 1283 1687 the
1301 1647 1431 1688 wheat
1448 1658 1540 1698 crop
1595 1646 1682 1686 low.
1732 1644 1814 1684 But
1830 1645 1939 1684 when
1963 1644 2005 1683 la
2021 1665 2038 1675 -
2039 1644 2122 1683 bor
2137 1644 2279 1684 strikes
2289 1656 2314 1683 a
2326 1649 2430 1691 note,
2446 1643 2555 1684 Then
2569 1644 2638 1684 the

496 1713 646 1765 caught
753 1714 792 1752 in
832 1715 911 1762 spir
942 1721 976 1756 a
1015 1713 1095 1752 tion
1106 1714 1223 1753 From
1234 1713 1451 1754 ambition's
1468 1713 1582 1753 noble
1608 1712 1695 1761 fire;
1710 1711 1819 1753 "I'll

1950 1722 2042 1751 earn
2054 1722 2118 1760 my
2131 1710 2250 1750 bread
2261 1711 2339 1751 and
2354 1710 2442 1759 bed,
2445 1709 2579 1759 Tho',"
2592 1710 2647 1751 he

546 2414 616 2449 out
671 2421 695 2449 a
727 2410 786 2449 sin
913 2408 1000 2449 flaw
1017 2408 1102 2451 Yet
1095 2407 1453 2461 t there's noth-ing
1462 2407 1539 2448 like
1553 2407 1620 2447 the
1632 2407 1793 2447 mu - sic
1711 2428 1725 2437 -
1839 2405 1898 2446 Of
1938 2405 2008 2445 the
2025 2406 2212 2445 ham-mer
2238 2406 2316 2446 and
2345 2406 2414 2446 the
2430 2417 2523 2445 saw.

509 2476 621 2516 heart
634 2476 725 2516 that
737 2487 817 2516 was
844 2476 884 2515 in
903 2487 987 2515 awe
1030 2474 1225 2516 Dan - ces
1244 2474 1417 2527 light-ly
1456 2478 1500 2515 to
1546 2474 1614 2514 the
1632 2484 1696 2514 mu
1713 2494 1730 2505 -
1745 2475 1800 2513 sic
1839 2472 1897 2513 Of
1935 2473 2003 2513 the
2022 2472 2204 2512 ham-mer
2239 2472 2316 2513 and
2349 2472 2417 2513 the
2430 2481 2523 2513 saw.

515 2544 652 2593 cries;"
668 2555 695 2582 a
712 2546 818 2582 crust
829 2542 906 2582 and
918 2548 1049 2590 straw,
1055 2541 1185 2582 While
1195 2540 1275 2581 I'm
1280 2541 1463 2593 climbing
1470 2546 1512 2581 to
1546 2541 1614 2581 the
1630 2552 1696 2580 mu
1708 2560 1725 2570 -
1734 2541 1788 2580 sic
1840 2538 1899 2579 Of
1938 2539 2006 2580 the
2027 2539 2209 2579 ham-mer
2242 2539 2319 2579 and
2348 2538 2416 2579 the
2428 2540 2545 2579 saw."

511 2932 746 2976 REFRAIN.

532 3269 632 3310 Hail
685 3274 729 3310 to

1007 3274 1051 3320 ty

1099 3270 1176 3310 and

1230 3269 1367 3321 peace!

1610 3267 1707 3308 Hail

1780 3272 1824 3307 to

1916 3268 2054 3315 or-der,
2060 3268 2241 3306 Heav'n's
2254 3266 2339 3307 first
2349 3265 2443 3307 law!

550 3358 638 3394 Hail

691 3361 734 3394 to

808 3358 863 3394 lib

1004 3367 1045 3393 er

1214 3360 1256 3400 ty
1283 3357 1358 3393 and
1371 3359 1507 3401 peace!

1620 3355 1709 3391 Hail

1783 3358 1825 3391 to

1916 3364 1962 3391 or

2087 3355 2167 3396 der,

2272 3354 2473 3391 Heav-en's
2486 3354 2564 3390 law
