2397 3060
276 257 388 306 No.
412 257 520 305 27.

775 253 972 303 REST
1014 251 1218 302 OVER
1262 250 1585 302 JORDAN.

1414 343 1513 380 GEO.
1529 344 1575 378 B.
1594 344 1835 385 HOLSINGER,
1851 343 1902 387 by
1915 350 1997 386 per.

426 581 461 614 1.
507 579 564 613 To
596 579 663 612 the
679 577 867 619 promised
883 576 997 611 home
1004 576 1046 611 in
1077 577 1241 619 glo - ry,
1289 577 1346 610 To
1391 575 1477 610 that
1518 575 1608 610 land
1631 574 1678 610 of

1753 575 1926 610 bliss-ful
1945 579 2039 616 rest,

425 625 462 658 2.
500 624 559 657 He
618 624 652 656 is
696 623 741 656 fit
755 638 772 649 -
785 622 871 663 ting
908 629 959 662 up
981 621 1066 655 that
1080 622 1276 660 man-sion,
1284 620 1450 654 Which'e
1470 637 1486 648 -
1518 622 1579 654 ter
1599 637 1616 648 -
1631 620 1692 653 nal
1714 636 1731 648 -
1773 619 1811 661 ly
1842 620 1940 655 shall
1948 622 2076 661 stand,

425 669 462 702 3.
485 668 578 702 Pain
601 674 673 701 nor
688 667 874 701 sick-ness
887 667 990 700 ne'er
1000 665 1098 700 shall
1109 665 1256 704 en-ter,
1164 682 1181 692 -
1266 664 1376 700 Grief
1397 672 1470 699 nor
1505 672 1592 699 woe
1627 672 1690 706 my

1770 665 1828 698 lot
1843 665 1942 699 shall
1950 665 2077 705 share,

425 713 463 747 4.
478 712 604 746 Death
618 712 651 744 it
658 728 675 739 -
688 711 765 745 self
781 711 880 745 shall
894 711 987 744 then
1011 710 1058 744 be
1069 710 1315 751 vanquished,
1320 708 1402 744 And
1412 709 1474 743 his
1494 710 1601 752 sting
1629 709 1728 743 shall
1771 709 1820 743 be
1833 709 2078 748 withdrawn :

425 758 462 791 5.
485 756 592 798 Sing,
610 756 642 790 O
680 756 781 798 sing,
805 763 853 797 ye
886 754 989 789 heirs
1012 755 1059 789 of
1081 756 1146 796 glo
1161 771 1178 781 -
1188 762 1248 796 ry,
1275 753 1397 788 Shout
1410 761 1508 796 your
1521 755 1573 787 tri
1588 770 1605 781 -
1625 754 1742 795 umph
1773 761 1818 787 as
1851 761 1930 796 you
1966 761 2040 797 go;

451 1255 517 1296 My
560 1253 738 1288 Re-deem
753 1270 769 1281 -
782 1255 866 1289 er's
898 1261 1000 1296 gone
1022 1252 1183 1287 be-fore
1078 1269 1093 1278 -
1231 1260 1305 1290 me,
1343 1252 1401 1286 To
1424 1260 1599 1295 pre-pare
1634 1260 1659 1286 a
1696 1253 1896 1292 man-sion,
1907 1251 2020 1287 blest.

447 1299 525 1333 For
560 1306 624 1339 my
655 1300 739 1339 stay
784 1297 883 1331 shall
904 1300 974 1331 not
1022 1297 1072 1331 be
1105 1297 1308 1331 tran-sient
1349 1296 1400 1330 In
1420 1297 1507 1330 that
1528 1297 1578 1329 ho
1592 1313 1608 1324 -
1620 1296 1673 1339 ly,
1696 1298 1773 1336 hap
1784 1312 1800 1323 -
1821 1304 1872 1338 py
1915 1296 2020 1331 land.

445 1343 523 1377 But
558 1343 600 1376 in
655 1342 741 1375 that
784 1348 829 1376 ce
870 1357 888 1368 -
919 1341 975 1375 les
986 1357 1003 1368 -
1016 1341 1086 1375 tial
1107 1349 1176 1375 cen
1191 1357 1208 1368 -
1228 1342 1301 1378 tre,
1359 1341 1381 1374 I
1446 1349 1471 1374 a
1480 1348 1610 1375 crown
1623 1340 1669 1374 of
1704 1340 1777 1374 life
1799 1340 1899 1375 shall
1912 1348 2028 1376 wear.

415 1387 539 1422 Shout
560 1386 626 1421 for
656 1386 745 1428 glad
759 1402 775 1414 -
781 1393 883 1426 ness,
931 1385 962 1420 O
1020 1394 1069 1427 ye
1105 1385 1334 1422 ran-somed,
1338 1384 1424 1418 Hail
1432 1384 1528 1419 with
1534 1385 1602 1427 joy
1613 1385 1681 1419 the
1711 1383 1874 1429 ris-ing
1780 1402 1796 1411 -
1905 1394 2032 1420 morn.

451 1431 498 1466 Zi
517 1447 535 1458 -
556 1432 639 1466 on's
656 1432 746 1473 gate
783 1430 863 1464 will

939 1436 964 1464 o
977 1446 994 1457 -
1014 1437 1089 1471 pen
1112 1430 1178 1464 for
1220 1437 1310 1471 you,
1328 1429 1412 1463 You
1419 1428 1521 1463 shall
1532 1429 1610 1463 find
1624 1437 1674 1463 an
1719 1431 1899 1464 entrance
1906 1429 2087 1473 through.

427 1744 613 1779 REFRAIN.

440 1952 528 1991 Yes,
532 1952 638 1986 there
648 1952 682 1985 is
702 1953 784 1985 rest
826 1958 957 1986 0-ver
975 1951 1167 1986 Jor-dan's
1177 1954 1329 1991 waters,
1334 1952 1426 1986 Rest
1463 1952 1530 1986 for
1544 1953 1639 1986 such
1660 1961 1704 1986 as
1713 1953 1814 1987 from
1827 1955 1888 1988 sin
1900 1961 1966 1988 are
1977 1954 2080 1994 free;

461 2451 556 2486 Rest
601 2451 668 2485 for
733 2452 785 2485 all
850 2453 939 2486 who
984 2459 1092 2487 come
1113 2455 1157 2487 to
1216 2453 1264 2488 Je
1273 2469 1290 2480 -
1308 2461 1389 2492 sus,
1413 2454 1509 2488 Rest
1551 2453 1619 2488 for
1673 2461 1753 2496 you
1774 2454 1850 2489 and
1886 2463 1959 2489 me.
