2158 3244
297 281 423 339 Mo.
450 281 591 335 136.
669 278 752 335 1in
776 276 874 333 the
897 273 1136 334 Shelter
1159 271 1224 329 of
1242 270 1340 327 the
1363 267 1547 326 1Rock.

395 366 433 409 E.
457 368 500 409 A.
529 366 571 408 H.

1554 365 1593 407 S.
1615 365 1667 407 W.
1693 367 1834 408 Straub.

418 604 455 639 1.
500 603 549 639 In
589 603 654 638 the
698 602 855 638 shel-ter
896 603 942 637 of
1000 604 1064 637 the
1076 602 1193 643 Rock,
1256 604 1327 639 Je -
1314 622 1332 631 -
1346 613 1410 639 sus
1423 605 1508 639 hide

1566 614 1636 646 me,

1695 605 1793 640 That
1806 614 1856 640 no

418 650 455 684 2.
471 649 595 683 Neath
607 649 671 682 the
700 647 852 682 shel-ter
896 648 942 681 of
1002 649 1068 681 the
1079 648 1197 688 Rock,

1228 648 1328 682 Lord
1336 650 1495 683 re-ceive

1562 659 1641 691 me;
1659 650 1781 685 When
1795 650 1860 684 the

1234 956 1402 992 CHORUS.

442 1201 465 1227 e
479 1210 496 1219 -
505 1194 558 1227 vil
573 1193 649 1227 and
663 1202 711 1227 no
725 1193 834 1227 harm
849 1193 940 1235 May
956 1192 1091 1227 be-tide
1119 1201 1188 1226 me.
1232 1192 1280 1224 In
1293 1192 1355 1225 the
1365 1191 1505 1226 shelter
1517 1192 1566 1227 of
1581 1192 1644 1227 the
1658 1191 1764 1227 Rock
1778 1193 1832 1228 let
1845 1202 1910 1229 me

398 1238 560 1279 tempest
571 1237 703 1279 gather
714 1237 845 1275 round.
857 1236 981 1270 Never
991 1236 1095 1269 leave
1109 1245 1182 1269 me.
1227 1235 1275 1269 In
1290 1236 1351 1269 the
1361 1235 1500 1270 shelter
1514 1235 1586 1274 &c,

440 1819 534 1857 rest,

768 1814 819 1849 In
834 1813 899 1849 the
913 1814 1052 1849 shelter
1066 1815 1111 1848 of
1118 1815 1183 1849 the
1196 1815 1305 1849 Rock
1320 1815 1341 1849 I
1355 1823 1416 1848 am
1429 1816 1535 1857 blest,

1771 1817 1819 1850 In
1848 1818 1913 1852 the

528 1860 583 1895 let
609 1869 671 1894 me
684 1861 774 1900 rest,

1542 1859 1565 1895 I

1607 1870 1668 1894 am
1682 1861 1790 1903 blest,

428 2362 581 2397 shel-ter
609 2363 656 2396 of
677 2363 741 2397 the
756 2362 877 2404 Rock,
892 2363 940 2398 In
967 2364 1031 2397 the
1045 2364 1197 2398 shel-ter
1240 2364 1287 2399 of
1310 2363 1374 2398 the
1387 2364 1506 2407 Rock,

1538 2365 1561 2400 I

1643 2377 1703 2402 am

1765 2369 1873 2404 blest.

752 2664 774 2698 3
798 2664 997 2700 Sheltered
1010 2665 1051 2699 in
1064 2664 1125 2700 the
1140 2674 1237 2708 open
1249 2665 1356 2708 rock,

841 2709 992 2750 Father,
1007 2718 1100 2743 near
1111 2709 1208 2747 thee,

800 2752 901 2787 With
914 2754 977 2787 the
993 2753 1171 2795 blessings
1186 2753 1231 2787 of
1249 2752 1315 2797 thy
1330 2754 1418 2790 love

842 2795 1003 2841 Sweetly
1015 2797 1129 2831 cheer
1142 2804 1217 2831 me.

753 2867 780 2902 4
798 2867 910 2902 From
923 2869 987 2902 the
1001 2868 1139 2903 shelter
1152 2868 1198 2902 of
1212 2869 1280 2904 the
1293 2870 1399 2912 rock,

843 2913 993 2952 Father,
1007 2913 1095 2947 take
1110 2921 1185 2953 me,

797 2955 919 2990 When
931 2956 996 2989 the
1009 2956 1147 2997 glories
1161 2957 1208 2991 of
1222 2966 1300 3001 yon
1316 2962 1458 2993 heaven

845 2998 950 3035 Shall
965 2999 1094 3035 awake
1117 3009 1187 3036 me.
