2049 3088
288 258 388 311 No.
410 259 535 311 209.

624 247 693 317 Is
727 265 811 317 my
842 244 1001 316 Name
1034 246 1229 305 written
1262 242 1456 322 There?

488 342 619 381 Rejoice
629 343 753 374 because
762 350 838 378 your
848 351 948 373 names
958 351 1009 372 are
1019 344 1133 373 written
1143 343 1176 372 in
1187 342 1325 374 heaven."
1349 343 1456 374 -LUKE
1473 351 1523 376 IO:
1540 351 1584 373 20.

290 410 365 442 Mrs.
375 409 474 440 MARY
489 408 527 442 A.
540 407 680 439 KIDDER.

1470 406 1583 437 FRANK
1598 407 1644 437 M.
1656 407 1767 438 DAVIS.

364 599 393 627 1.
417 598 502 632 Lord,
510 597 528 625 I

575 604 639 625 care
662 600 712 625 not
733 597 780 625 for
801 598 862 625 rich
871 610 884 618 -
896 605 935 629 es,
943 595 1073 626 Neith-er
1119 598 1155 625 sil
1166 614 1178 621 -
1184 604 1235 625 ver
1259 604 1314 624 nor
1325 597 1409 631 gold;
1426 596 1445 623 I
1464 596 1557 623 would
1565 596 1649 623 make
1654 601 1719 622 sure

1738 595 1770 622 of

366 644 394 671 2.
418 642 500 676 Lord,
507 648 556 675 my
578 642 636 669 sins
647 641 716 675 they
732 648 783 669 are
811 646 939 676 ma-ny,
867 655 881 662 -
943 641 1017 671 Like
1028 641 1079 669 the
1095 642 1180 670 sands
1201 641 1235 668 of
1264 641 1315 669 the
1341 647 1399 674 sea,
1420 640 1481 668 But
1490 640 1554 673 Thy
1562 639 1652 674 blood,
1657 640 1704 672 oh,
1729 646 1779 674 my

366 688 394 715 3.
420 686 476 715 Oh!
497 686 563 713 that
574 685 647 713 beau
656 702 667 709 -
678 686 702 712 ti
712 699 724 707 -
733 685 779 713 ful
819 686 862 713 cit
873 699 886 706 -
907 692 937 718 y,
941 685 1022 714 With
1034 686 1072 713 its
1104 685 1258 715 man-sions
1273 686 1307 712 of
1330 683 1415 720 light,
1423 684 1503 712 With
1510 685 1550 712 its
1581 684 1631 719 glo
1645 698 1660 706 -
1672 685 1700 712 ri
1710 700 1723 707 -
1734 684 1790 712 fied

387 1108 460 1136 heav

476 1123 489 1131 -

504 1115 550 1143 en,

582 1108 602 1135 I

633 1109 727 1137 would
743 1116 782 1137 en
795 1122 809 1131 -
831 1111 876 1137 ter
923 1109 977 1137 the
995 1108 1064 1138 fold.
1091 1109 1132 1137 In
1174 1110 1225 1138 the
1235 1109 1309 1138 book
1340 1109 1376 1137 of
1403 1109 1468 1143 Thy
1478 1108 1643 1145 king-dom,
1640 1108 1719 1137 With
1735 1109 1773 1136 its

386 1152 441 1182 Sav
456 1166 470 1175 -
483 1153 563 1181 iour!
583 1152 616 1181 Is
669 1153 720 1180 suf
755 1154 776 1181 fi
793 1168 806 1176 -
821 1154 898 1182 cient
923 1153 972 1181 for
1001 1159 1069 1188 me;
1086 1153 1146 1181 For
1170 1153 1233 1187 Thy
1240 1158 1337 1188 prom-
1336 1155 1378 1182 ise
1425 1154 1453 1182 is
1484 1152 1676 1189 writ-ten,In
1554 1167 1566 1175 -
1707 1152 1808 1187 bright

387 1198 424 1225 be
453 1211 468 1220 -
491 1197 565 1232 ings,
582 1197 622 1225 In
654 1203 726 1231 pure
740 1199 898 1233 gar-ments
929 1198 962 1226 of
975 1197 1077 1232 white;
1088 1196 1199 1226 Where
1199 1203 1238 1225 no
1269 1206 1288 1225 e
1301 1211 1317 1220 -
1334 1198 1377 1225 vil
1397 1196 1484 1233 thing
1490 1197 1643 1231 com-eth,

1640 1197 1682 1225 To

1736 1197 1775 1224 de

415 1627 454 1654 pa
466 1634 481 1643 -
495 1628 546 1655 ges
580 1627 612 1648 SO
661 1620 726 1654 fair,
740 1620 802 1648 Tell
835 1628 891 1654 me,
909 1622 954 1649 Je
982 1627 1040 1654 sus,
1057 1627 1109 1654 my
1134 1621 1283 1656 Sav-iour,
1307 1621 1341 1649 Is
1380 1628 1430 1654 my
1442 1628 1526 1648 name
1531 1622 1658 1649 writ-ten
1671 1619 1773 1648 there?

414 1665 459 1693 let
468 1679 482 1687 -
488 1667 548 1693 ters
565 1666 632 1693 that
645 1665 729 1699 glow,
745 1663 835 1693 "Tho'
844 1666 979 1699 yoursins
993 1666 1030 1692 be
1070 1672 1104 1693 as
1126 1671 1190 1694 scar
1199 1679 1213 1687 -
1220 1664 1270 1700 let,
1302 1665 1324 1692 I
1370 1665 1430 1693 will
1437 1665 1523 1693 make
1529 1665 1607 1693 them
1613 1664 1673 1692 like
1683 1666 1777 1693 snow.'

417 1709 488 1744 spoil
494 1709 574 1738 what
586 1710 612 1737 is
657 1708 728 1742 fair;
739 1708 845 1737 Where
851 1709 901 1737 the
917 1717 956 1737 an
962 1725 974 1731 -
983 1710 1046 1744 gels
1062 1709 1285 1746 are watch-ing,
1304 1709 1370 1743 Yes,
1378 1716 1428 1742 my
1437 1708 1662 1738 name'swritten
1676 1708 1768 1737 there.

406 1964 545 1997 CHORUS,

417 2127 450 2155 Is
497 2133 547 2161 my
592 2133 677 2155 name
709 2128 778 2154 writ
791 2140 803 2147 -
824 2129 876 2156 ten

924 2129 1013 2162 there,

1085 2130 1130 2157 On

1195 2129 1248 2157 the

1288 2137 1364 2164 page
1387 2128 1476 2157 white
1511 2128 1571 2156 and

1647 2127 1722 2156 fair?

293 2171 407 2200 CHORUS
417 2172 463 2199 for
471 2171 509 2200 2d
520 2171 544 2198 &
553 2171 592 2199 3d

292 2205 397 2233 Verses.
408 2205 472 2235 Yes,
499 2211 548 2236 my
576 2206 691 2238 name's,
702 2205 751 2234 &c.

418 2571 458 2598 In
500 2571 551 2598 the
583 2571 657 2600 book

707 2571 741 2599 of

802 2572 867 2606 Thy
891 2573 962 2609 king
977 2587 990 2595 -
999 2574 1074 2607 dom,
1125 2573 1156 2601 Is
1208 2581 1259 2607 my
1284 2581 1367 2602 name
1402 2574 1466 2601 writ
1481 2588 1494 2596 .
1515 2575 1565 2600 ten
1610 2573 1708 2601 there?

909 2618 946 2646 2d
958 2618 983 2646 &
992 2618 1030 2646 3d
1040 2618 1171 2652 V.-Yes,
1209 2625 1260 2652 my
1271 2619 1386 2651 name's,
1395 2618 1441 2647 &c.

1002 2811 1070 2844 148
