2470 3761
1048 408 1340 474 Wonderful
1373 408 1514 473 Love.

2045 410 2097 458 13

744 515 875 571 THE
905 514 1265 572 DAUGHTER
1298 512 1381 571 OF
1413 512 1544 568 THE
1573 512 1748 569 KING.

506 582 634 619 EMMA
646 583 761 621 PITT.

1697 581 1744 616 D.
1762 582 1803 617 B.
1821 582 2007 617 TOWNER.

546 815 579 848 1.
604 815 669 855 My
677 813 808 848 wealth
817 814 849 848 is
862 815 927 847 not
934 813 1018 848 here
1025 813 1062 847 in
1076 821 1101 847 a
1109 813 1220 847 house
1229 813 1335 848 made
1344 813 1434 847 with
1445 813 1571 853 hands,
1586 813 1660 847 But
1676 814 1732 848 tis
1753 815 1893 858 yonder
1934 816 1975 849 in
2001 823 2107 850 man-

543 859 577 893 2.
606 858 803 893 Whatcare
832 857 852 891 I
888 858 946 892 for
958 860 1136 894 treasures
1148 857 1224 892 laid
1238 867 1290 901 up
1317 858 1403 893 here
1417 866 1465 893 en
1478 858 1583 893 earth
1590 858 1603 892 !
1612 857 1711 892 With
1721 857 1784 892 the
1793 858 1900 901 using
1908 858 1995 900 they
2004 866 2082 900 per-

544 904 578 937 3.
604 903 682 936 The
692 902 804 937 house
826 902 859 936 is
899 911 940 936 SO
955 902 1062 945 large,
1075 902 1152 936 will
1160 911 1232 945 you
1242 911 1341 937 come
1351 905 1468 937 en-ter
1497 902 1562 937 in?
1570 902 1653 936 And
1662 901 1712 937 its
1719 901 1890 944 gatesare
1907 906 1971 937 not
1978 902 2069 937 shut

544 948 578 982 4.
617 946 683 981 I'll
696 947 781 982 seek
795 947 872 982 o'er
890 947 955 981 the
963 947 1171 982 mountains
1178 948 1250 981 and
1258 946 1411 990 val-leys
1418 948 1460 982 of
1468 947 1582 989 earth,
1594 947 1698 989 They
1710 946 1741 981 11
1750 946 1794 980 be
1803 946 1873 980 lost
1882 947 1921 980 in
1930 946 1994 981 the
2002 945 2106 991 high-

588 1378 686 1413 sions
706 1378 749 1411 di
753 1394 768 1403 -
774 1378 871 1417 vine,
900 1378 1016 1412 There
1024 1378 1127 1412 robes
1134 1377 1207 1411 and
1219 1376 1342 1420 bright
1345 1377 1499 1420 jew-els,
1517 1377 1590 1411 and
1601 1379 1781 1412 treasures
1793 1379 1895 1412 most
1903 1385 1984 1412 rare
1992 1377 2013 1412 I
2027 1377 2083 1412 in-

611 1422 669 1457 ish
689 1422 764 1457 and
785 1422 857 1464 die,
920 1424 953 1456 A
996 1424 1176 1464 strang-er
1209 1422 1350 1463 be-low,
1367 1422 1441 1456 and
1486 1432 1511 1456 a
1547 1422 1616 1464 beg
1628 1437 1645 1447 -
1657 1431 1722 1465 gar
1742 1422 1791 1464 by
1807 1421 1917 1463 birth,
1935 1421 2007 1456 I'm
2016 1422 2080 1457 the

573 1467 683 1510 night
702 1475 744 1500 or
785 1467 869 1510 day,
888 1466 969 1501 I've
1022 1468 1073 1500 sis
1086 1483 1103 1493 -
1115 1470 1189 1501 ters
1198 1467 1270 1500 and
1283 1466 1469 1507 broth-ers,
1480 1466 1552 1501 and
1563 1466 1700 1501 friends
1710 1466 1793 1501 here
1801 1466 1927 1509 below,
1933 1466 2014 1502 And
2028 1470 2069 1501 to

598 1521 681 1554 way
701 1511 745 1546 of
780 1512 850 1552 sin,
890 1511 969 1546 The
982 1511 1083 1554 King
1126 1511 1159 1545 is
1179 1511 1275 1545 their
1283 1511 1336 1545 Fa
1348 1528 1366 1538 -
1375 1510 1471 1552 ther,
1481 1511 1554 1546 and
1567 1510 1627 1545 He
1647 1510 1730 1546 bids
1742 1520 1803 1546 me
1821 1519 1878 1556 go,
1940 1511 1962 1546 I
1982 1512 2085 1546 must

1451 1752 1640 1789 CHORUS.

622 1965 704 2001 her -
717 1965 752 2000 it
785 1966 859 2000 and
867 1965 955 2007 they
964 1964 1017 2000 all
1036 1965 1133 2000 shall
1146 1964 1195 2000 be
1217 1966 1335 2002 mine.

1437 1965 1510 2000 For
1520 1965 1590 1999 I'm
1598 1965 1663 2000 the
1674 1965 1864 2010 daughter,

1933 1965 1977 2001 of
2013 1965 2082 2001 the

621 2018 760 2044 own-er
789 2008 835 2043 of
884 2019 910 2044 a
943 2011 1109 2045 mansion
1143 2019 1192 2045 on
1233 2009 1333 2054 high,

620 2063 705 2090 save
713 2055 812 2089 them
820 2055 842 2088 I
853 2057 954 2089 must
963 2055 1001 2088 la
1014 2069 1032 2077 -
1044 2054 1112 2089 bor
1123 2055 1197 2089 and
1233 2062 1334 2097 pray.

607 2099 677 2134 call
685 2099 785 2134 them
794 2099 868 2134 and
880 2099 1025 2134 beseech
1035 2099 1135 2133 them
1149 2098 1276 2134 "come
1281 2100 1333 2134 in.
1336 2098 1364 2120 "

1726 2099 1802 2135 I'm
1810 2095 1878 2133 the
1884 2097 2073 2143 daughter,

609 2521 711 2563 King

916 2519 1013 2554 Here
1022 2519 1111 2554 with
1122 2520 1224 2563 glory

1448 2521 1465 2555 I

1509 2529 1578 2555 can
1590 2520 1680 2563 sing,

1922 2520 2003 2555 The
2024 2520 2080 2555 in-

577 2565 757 2605 daughter
764 2564 807 2598 of
814 2564 878 2598 the
887 2563 996 2607 King,

1089 2563 1186 2598 Here
1195 2565 1283 2599 with
1291 2565 1392 2607 glory
1401 2565 1474 2598 and
1484 2565 1573 2599 with
1583 2567 1731 2606 rapture
1737 2565 1759 2597 I
1767 2573 1833 2598 can
1843 2565 1934 2607 sing,

453 3031 636 3067 heritance
644 3032 675 3067 is
678 3032 790 3071 mine,
799 3031 943 3076 Bought
951 3031 1040 3067 with
1047 3032 1206 3077 precious
1212 3031 1316 3068 blood
1323 3032 1458 3076 divine,
1471 3033 1542 3068 For
1545 3032 1619 3067 I'm
1625 3032 1689 3068 the
1695 3031 1893 3077 daughtero
1898 3031 1921 3067 f
1923 3032 1986 3067 the
1994 3032 2104 3076 King.

966 3285 1148 3322 Copyright,
1159 3286 1237 3319 1894,
1250 3287 1293 3321 by
1305 3286 1345 3316 D.
1355 3286 1392 3316 B.
1404 3285 1548 3317 Towner.
