2204 3267
810 194 897 239 HE
920 193 1156 240 MEANT
1181 193 1288 240 ME.

1836 200 1866 243 5

296 286 407 312 NELLIE
421 285 576 310 EDWARDS.

1553 286 1625 310 RAN.
1636 285 1665 310 C.
1675 285 1797 311 STOREY.

297 490 329 524 1.

357 489 485 524 When
497 489 566 524 the
595 487 758 523 Saviour
776 486 874 529 said,
885 485 978 522 "Let
999 486 1069 522 the
1083 485 1261 522 children
1276 489 1421 527 come,"
1437 486 1459 521 I

1526 486 1691 523 be-lieve
1733 488 1823 524 that

296 534 330 569 2.
358 533 484 568 When
496 533 565 568 the
594 532 756 568 Saviour
778 531 859 567 said
874 530 992 567 "Now
999 532 1177 567 con-vert
1184 548 1199 557 -
1213 531 1263 566 ed
1321 529 1409 571 be,"

1436 531 1460 566 I

1525 531 1691 568 be-lieve
1734 534 1822 568 that

295 580 329 614 3.
359 577 486 613 When
497 577 566 613 the
595 577 756 612 Saviour
776 576 862 612 said
889 574 946 612 "I
983 574 1062 610 will
1075 582 1201 612 crown
1215 584 1283 618 my
1297 576 1424 618 own,"
1436 575 1459 612 I

1526 576 1690 612 be-lieve
1733 578 1823 613 that

342 1076 404 1111 He
418 1077 552 1111 meant
564 1084 641 1117 me;
687 1075 762 1110 For
791 1074 834 1109 of
869 1073 968 1110 such
981 1084 1048 1109 are
1062 1073 1158 1118 they
1195 1074 1238 1108 in
1253 1073 1323 1109 the
1335 1072 1447 1109 heav'
1453 1073 1521 1117 nly
1533 1073 1663 1118 home,

1773 1075 1836 1111 be-

343 1119 402 1155 He
418 1122 550 1155 meant
565 1129 641 1161 me;
688 1119 761 1154 For
790 1118 832 1153 of
867 1119 964 1154 such
993 1128 1037 1154 as
1062 1118 1157 1162 they
1167 1118 1268 1154 shall
1281 1118 1351 1153 the
1360 1118 1544 1163 kingdom
1573 1128 1649 1162 see,

1772 1119 1838 1155 be-

342 1164 404 1200 He
420 1167 553 1200 meant
569 1171 644 1208 me;
659 1163 790 1199 When
803 1163 871 1199 the
883 1162 1063 1206 heav'nly
1079 1163 1188 1198 choir
1195 1163 1284 1207 sing
1295 1164 1446 1198 around
1454 1163 1523 1198 the
1533 1163 1686 1207 throne,

1698 1165 1718 1198 I

1774 1164 1836 1199 be-

914 1442 1107 1470 CHORUS

317 1531 341 1568 9

314 1637 416 1674 lieve
429 1638 519 1674 that
528 1638 591 1674 He
601 1639 734 1674 meant
744 1648 819 1673 me.

913 1638 935 1673 I
972 1637 1137 1674 be-lieve
1151 1637 1240 1673 that
1253 1637 1316 1674 He
1322 1640 1459 1673 meant
1468 1647 1542 1681 me,

315 1682 417 1719 lieve
430 1682 520 1718 that
531 1682 591 1718 He
601 1685 732 1719 meant
741 1693 814 1718 me.

314 1727 417 1763 lieve
441 1728 505 1763 He
521 1727 601 1763 will
609 1727 705 1764 hear
740 1737 814 1763 me.

1480 1726 1569 1762 that
1579 1726 1639 1762 He
1650 1729 1778 1763 meant
1790 1736 1861 1769 me,

366 2191 389 2226 I
432 2190 597 2227 be-lieve
606 2190 695 2226 that
705 2191 767 2226 He
778 2193 909 2226 meant
921 2201 995 2233 me;

1283 2190 1410 2226 When
1421 2190 1482 2225 He
1491 2190 1584 2225 took
1594 2189 1704 2225 them
1716 2190 1757 2225 in
1769 2188 1843 2225 His

942 2236 1031 2271 that
1041 2234 1102 2271 He
1111 2238 1244 2271 meant
1257 2245 1333 2280 me;

312 2730 427 2762 arms,
452 2721 507 2757 To
522 2721 598 2757 His
633 2723 783 2758 bo-som
806 2722 903 2767 they
917 2733 1015 2760 were
1024 2724 1155 2766 borne,
1173 2724 1196 2758 I
1238 2723 1389 2760 believe
1411 2723 1501 2758 that
1516 2721 1579 2758 He
1588 2723 1720 2758 meant

1736 2731 1807 2758 me.

290 2960 430 2991 Copyright,
444 2961 509 2988 1897,
521 2962 554 2991 by
565 2961 664 2986 Charlie
680 2962 711 2986 D.
722 2962 836 2987 Tillmrn.
