2296 3266
448 235 522 288 43

867 233 1073 298 Bright
1096 235 1226 285 Star
1250 235 1312 285 of
1333 235 1521 300 Hope.

445 309 544 341 P.H.

1674 312 1822 342 FINLEY
1836 314 1948 343 LYON.

427 552 457 585 1.
483 549 621 595 Bright
636 553 716 586 star
731 550 771 586 of
785 550 900 595 hope,
912 549 1063 587 there's
1075 550 1261 588 darkness
1273 562 1324 587 on
1335 551 1404 587 the
1415 561 1490 595 sea,
1510 552 1604 588 Lost
1644 552 1679 587 is

1733 552 1804 588 the

1817 551 1889 588 sail

1907 571 1922 578 -

1934 562 1979 588 or

425 595 459 629 2.
484 594 621 639 Bright
634 598 714 630 star
728 595 768 630 of
782 595 895 639 hope,
920 596 990 631 the
1013 605 1153 639 wear-y
1170 596 1339 633 traveler
1352 599 1489 640 strays,
1503 597 1597 632 Lost
1639 598 1684 631 in
1727 597 1796 633 the
1812 597 1998 633 darkness

425 640 458 675 3.
484 639 620 684 Bright
635 643 714 675 star
728 639 769 675 of
783 639 895 685 hope,
907 639 1002 675 send
1015 642 1083 675 out
1095 640 1167 677 thy
1180 640 1374 686 gladsome
1389 640 1497 685 light,
1514 641 1572 676 Na
1584 659 1598 667 -
1608 641 1717 677 tions
1751 642 1795 676 in
1811 641 1998 678 darkness

508 1095 552 1130 in
602 1095 672 1130 the
686 1097 857 1140 tempest
872 1093 974 1136 wild,
989 1094 1100 1130 Swift
1114 1094 1197 1130 flies
1211 1094 1275 1130 his
1288 1094 1384 1130 bark
1398 1094 1526 1130 where
1538 1093 1651 1130 rocks
1662 1092 1741 1129 and
1753 1092 1917 1137 dangers
1931 1092 1992 1134 be,

508 1149 594 1176 now
610 1140 669 1175 for
683 1138 774 1184 help
789 1139 841 1176 he
856 1141 963 1182 cries,
986 1138 1108 1175 Shine
1122 1139 1220 1174 thou
1231 1139 1307 1174 and
1321 1137 1406 1174 lead
1419 1137 1503 1173 him
1518 1137 1616 1173 back
1633 1142 1674 1172 to
1688 1137 1882 1173 wisdom's
1895 1146 2012 1180 ways,

509 1184 600 1220 wait
611 1184 684 1228 thy
696 1185 850 1229 coming
861 1185 986 1227 cheer,
1001 1184 1123 1219 Dawn
1139 1193 1191 1218 on
1212 1183 1280 1219 the
1296 1181 1417 1220 world
1446 1183 1490 1218 in
1526 1182 1577 1217 all
1608 1182 1680 1226 thy
1699 1182 1856 1227 beau-ty
1869 1181 2012 1226 bright,

1541 1451 1751 1478 CHORUS.

494 1635 615 1672 Shine
635 1646 687 1672 on
731 1635 802 1672 the
818 1635 874 1671 bil
888 1654 904 1662 -
925 1635 1002 1671 low
1029 1636 1074 1670 in
1103 1636 1176 1680 thy
1203 1636 1340 1671 lus-ter
1364 1635 1472 1671 mild.

493 1680 609 1716 Point
639 1684 680 1716 to
732 1681 799 1716 the
815 1679 965 1716 blessed
981 1680 1099 1716 home
1116 1680 1269 1724 beyond
1283 1681 1353 1715 the
1367 1680 1481 1715 skies.
1506 1679 1611 1723 Bright
1623 1681 1704 1714 star
1719 1678 1761 1715 of
1774 1679 1887 1724 hope,
1902 1678 2017 1714 shine

492 1725 606 1761 Thou
627 1735 702 1761 sun
724 1725 803 1760 and
817 1725 1004 1767 Sav-iour,
1020 1734 1076 1759 un
1091 1742 1106 1750 -
1120 1728 1163 1760 to
1206 1725 1260 1760 all
1289 1734 1340 1769 ap
1348 1742 1362 1750 -
1370 1735 1473 1770 pear.

524 2153 586 2186 on,

767 2143 904 2187 Bright
915 2147 994 2179 star
1008 2142 1049 2180 of
1063 2144 1165 2188 hope
1177 2144 1290 2180 shine
1302 2153 1363 2186 on,

1521 2141 1624 2179 Send
1634 2145 1702 2177 out
1715 2141 1789 2186 thy
1802 2142 1902 2185 light

548 2189 663 2224 shine
675 2197 737 2231 on,
748 2188 872 2231 shine,

1225 2188 1339 2223 shine
1351 2196 1414 2229 on,
1428 2186 1488 2222 and
1499 2186 1576 2221 Send
1587 2188 1638 2220 out
1649 2186 1703 2230 thy
1717 2186 1805 2230 light,
1816 2186 1889 2231 thy
1900 2185 2013 2231 light,

534 2675 575 2710 in

614 2675 774 2719 beau-ty
791 2675 934 2719 bright,
996 2675 1101 2711 Send
1115 2678 1184 2711 out
1193 2674 1266 2719 thy
1277 2674 1388 2720 light,
1400 2675 1497 2711 send
1508 2678 1577 2711 out
1587 2675 1660 2719 thy
1670 2674 1869 2719 gladsome
1882 2673 1994 2718 light.

533 2721 573 2755 in

612 2721 784 2765 beau-ty,
800 2721 943 2765 beauty
957 2720 1097 2766 bright,

452 2994 595 3025 Copyright,
607 2995 673 3023 1898,
684 2994 718 3024 by
730 2993 847 3019 Fillmore
855 2994 926 3018 Bros.
