1421 2166
489 235 763 267 PENITENTIAL
772 237 997 266 EXERCISES.

314 269 431 315 342

697 285 736 321 C.
754 285 805 320 M.

311 326 335 362 1
356 326 379 362 I
392 333 473 362 ASK
486 327 552 362 the
565 327 637 371 gift
648 327 692 363 of
706 329 984 375 righteousness,

401 370 481 406 The
494 371 752 418 sin-subduing
765 382 898 418 power,

358 414 483 451 Power
494 417 535 451 to
548 416 698 461 believe,
712 417 787 453 and
799 426 845 462 go
857 416 900 451 in
912 425 1030 462 peace,

403 458 489 495 And
501 468 613 495 never
625 461 747 504 grieve
760 462 845 497 thee
857 469 966 496 more.

312 535 338 569 2
357 535 380 569 I
391 535 459 570 ask
472 535 536 571 the
548 535 810 581 blood-bought
821 535 959 582 pardon
970 535 1101 582 sealed,

402 578 481 615 The
494 579 629 624 liberty
642 580 736 616 from
749 580 818 624 sin,

356 623 435 659 The
446 633 550 668 grace
561 624 716 668 infused,
735 625 800 660 the
813 625 896 660 love
907 624 1083 667 revealed,

402 667 481 704 The
493 668 669 713 kingdom
682 669 781 705 fixed
797 670 939 704 within.

310 743 335 777 3
354 742 461 778 Thou
473 743 605 779 hear'st
620 753 681 779 me
693 743 749 779 for
760 743 939 779 salvation
948 752 1038 788 pray
1052 755 1064 788 ;

399 787 505 822 Thou
517 789 611 824 seest
622 797 687 832 my
700 788 838 824 heart's
848 787 967 825 desire
978 797 990 831 ;

354 830 464 866 Made
476 832 587 876 ready
600 832 643 866 in
655 831 725 876 thy
736 831 913 877 powerful
926 831 1009 876 day,

398 875 479 920 Thy
493 876 645 912 fullness
657 876 680 911 I
691 876 844 921 require.

307 951 333 986 4
352 950 420 995 My
434 950 627 986 vehement
637 950 720 986 soul
732 951 822 988 cries
834 951 908 994 out,
926 951 1124 995 oppressed,

395 994 595 1038 Impatient
606 996 646 1029 to
658 994 707 1030 be
718 995 832 1031 freed!

351 1039 427 1074 Nor
439 1048 507 1074 can
518 1039 551 1080 I,
569 1038 676 1081 Lord,
690 1049 758 1074 nor
769 1039 851 1075 will
862 1039 886 1074 I
896 1041 979 1082 rest,

394 1082 470 1117 Till
482 1082 506 1117 I
517 1091 579 1118 am
591 1082 702 1117 saved
714 1082 856 1120 indeed.

306 1157 331 1192 5
352 1157 423 1192 Art
434 1157 525 1192 thou
537 1159 604 1193 not
615 1158 699 1194 able
711 1160 751 1194 to
763 1161 933 1196 convert?

397 1201 466 1236 Art
476 1202 566 1237 thou
578 1203 646 1237 not
660 1202 803 1247 willing
814 1204 874 1238 too
881 1205 901 1238 ?

350 1245 404 1281 To
417 1245 552 1290 change
564 1245 640 1281 this
652 1245 714 1281 old
728 1245 921 1285 rebellious
936 1248 1051 1294 heart,

394 1291 448 1326 To
461 1299 616 1335 conquer
624 1290 699 1326 and
712 1293 856 1327 renew ?

306 1366 330 1400 6
349 1364 455 1400 Thou
468 1366 578 1407 canst,
596 1364 688 1401 thou
699 1364 792 1409 wilt,
810 1366 833 1402 I
844 1366 932 1404 dare
944 1367 1095 1413 believe,

392 1408 439 1444 So
452 1418 531 1444 arm
543 1418 604 1445 me
616 1410 707 1445 with
720 1409 789 1454 thy
801 1420 931 1456 power,

348 1452 447 1487 That
457 1453 479 1487 I
491 1454 532 1488 to
543 1453 603 1488 sin
615 1461 703 1497 may
714 1462 827 1490 never
839 1455 969 1501 cleave,

392 1495 481 1540 May
493 1505 604 1533 never
616 1497 689 1533 feel
701 1497 736 1532 it
747 1503 857 1534 more.

863 1541 987 1571 Charles
1009 1541 1129 1578 Wesley.

301 1656 418 1703 343

684 1672 723 1709 C.
741 1673 792 1707 M.

298 1712 321 1747 1
341 1712 440 1748 How
452 1713 520 1750 sad
533 1723 601 1750 our
615 1716 710 1752 state
721 1716 774 1757 by
786 1717 918 1752 nature
929 1716 962 1751 is
971 1717 982 1752 !

385 1757 462 1793 Our
473 1758 533 1793 sin
545 1757 630 1795 how
642 1759 735 1805 deep
746 1760 781 1796 it
792 1759 923 1797 stains!

339 1800 425 1837 And
438 1801 549 1838 Satan
562 1802 671 1840 binds
682 1813 751 1840 our
763 1803 905 1849 captive
916 1805 1015 1841 souls

384 1844 472 1881 Fast
484 1846 526 1881 in
537 1845 600 1883 his
611 1846 747 1884 slavish
762 1848 897 1885 chains.

408 1892 452 1928 16

678 1893 746 1929 241
