2305 3398
397 250 504 307 No.
532 252 661 311 187.

933 252 1038 311 Let
1068 253 1199 311 Him
1232 254 1404 313 Come
1424 255 1507 311 in.

819 398 946 427 'Behold
954 399 974 427 I
980 399 1068 427 stand
1075 400 1109 427 at
1116 399 1168 427 the
1174 399 1247 428 door
1253 400 1315 428 and
1318 400 1548 429 knock."-Rev.
1557 401 1640 428 3: 20.

483 474 579 510 Rev.
592 473 634 511 J.
650 474 792 511 GRIGG.

1651 472 1696 514 C.
1712 475 1758 514 C.
1771 477 1953 515 LUTHER.

550 731 586 765 1.
601 731 658 765 Be
670 746 689 760 -
716 730 810 766 hold
823 739 849 766 a
857 730 1040 776 Stranger
1060 735 1104 766 at
1138 733 1206 767 the
1214 732 1330 774 door;
1333 732 1391 769 He
1398 734 1545 776 gen-tly
1552 734 1675 773 knocks,
1677 734 1736 767 has
1740 734 1863 768 knock'd
1871 733 2028 772 be-fore

548 775 584 809 2.
602 774 674 815 Oh,
704 775 847 818 love-ly
883 779 929 811 at
931 791 950 804 -
966 777 1325 816 titude,-Hestands,
1331 777 1422 811 With
1428 778 1551 820 melting
1555 777 1665 813 heart
1673 777 1747 812 and
1756 777 1893 813 loaded
1899 778 2041 821 hands;

548 819 584 853 3.
597 819 688 859 Rise,
691 821 812 855 touch'd
819 821 893 855 with
900 824 974 863 grat
976 836 994 848 -
1000 821 1015 855 i
1025 836 1042 848 -
1050 822 1125 856 tude
1155 821 1296 862 divine,
1300 821 1406 857 Turn
1415 824 1485 857 out
1497 822 1570 857 His
1591 830 1641 857 en
1653 837 1671 851 -
1695 830 1719 856 e
1731 838 1749 851 -
1758 830 1824 865 my
1836 823 1913 858 and
1921 823 2041 865 thine,

548 864 586 899 4.
601 864 660 899 Ad
669 879 688 893 -
712 865 785 899 mit
794 865 883 900 Him
891 872 957 900 ere
967 865 1038 901 His
1058 872 1193 910 an-ger
1199 867 1286 907 burn,
1288 882 1332 894 -
1332 866 1400 901 His
1407 867 1472 901 feet
1498 867 1547 901 de
1555 882 1571 894 -
1579 867 1742 909 part-ed,
1746 868 1849 902 ne'er
1857 869 2027 911 re-turn;

545 1398 627 1434 Has
646 1399 805 1434 wait-ed
814 1399 920 1443 long,
937 1401 973 1435 is
991 1401 1168 1443 wait-ing
1178 1400 1271 1439 still
1267 1412 1283 1445 ;
1276 1400 1369 1439 ;You
1396 1403 1498 1436 treat
1508 1408 1560 1437 no
1581 1401 1652 1437 oth
1659 1416 1677 1430 -
1687 1409 1732 1436 er
1744 1401 1874 1437 friend
1882 1409 1928 1438 so
1948 1401 2005 1437 ill.

545 1443 579 1478 O
621 1443 825 1479 matchless
830 1445 998 1484 kind-ness,
1001 1444 1077 1479 and
1090 1445 1150 1480 He
1159 1445 1235 1479 sho
1231 1452 1288 1479 WS
1297 1445 1368 1480 His
1376 1445 1582 1481 matchless
1592 1445 1777 1481 kindness
1787 1450 1830 1480 to
1859 1446 1931 1482 His
1942 1446 2041 1483 foes.

545 1487 646 1524 That
658 1488 746 1524 soul
765 1488 991 1532 destroying
1000 1492 1174 1525 monster
1180 1490 1256 1529 sin,
1280 1489 1366 1525 And
1393 1488 1452 1525 let
1493 1489 1559 1526 the
1567 1490 1722 1532 heav'n-ly
1733 1489 1922 1532 Stranger
1949 1491 2004 1527 in.

544 1532 603 1568 Ad
619 1548 637 1562 -
664 1533 735 1568 mit
744 1533 834 1568 Him
845 1540 893 1569 or
926 1534 992 1568 the
998 1534 1103 1569 hour's
1108 1537 1145 1569 at
1156 1534 1272 1574 hand,
1275 1533 1397 1570 You'll
1406 1537 1450 1569 at
1489 1534 1562 1570 His
1572 1535 1670 1571 door
1681 1542 1726 1570 re
1738 1550 1756 1563 -
1762 1535 1908 1578 ject-ed
1915 1536 2042 1572 stand.

527 1789 719 1824 REFRAIN.

590 1830 653 1868 Oh,
683 1830 735 1863 let

888 1830 969 1863 Him
976 1836 1070 1863 come
1076 1832 1122 1869 in,

1310 1832 1375 1871 Oh,
1403 1832 1455 1866 let

1602 1832 1683 1865 Him
1689 1839 1784 1866 come
1790 1833 1836 1871 in,

566 2125 632 2165 Oh,

646 2126 693 2159 let

702 2125 778 2160 Him
787 2133 874 2161 come
881 2127 925 2165 in,
966 2125 1032 2166 Oh,
1062 2127 1109 2161 let
1119 2127 1196 2161 Him
1205 2135 1290 2162 come
1298 2127 1341 2167 in,
1343 2127 1413 2167 Oh,
1415 2128 1460 2162 let
1467 2127 1543 2162 Him
1551 2135 1637 2163 come
1643 2129 1687 2168 in,
1691 2127 1759 2168 Oh,
1758 2128 1804 2163 let
1808 2127 1885 2162 Him
1891 2132 2009 2167 comein

1293 2449 1344 2482 let
1351 2450 1411 2482 the
1416 2450 1500 2483 dear
1504 2450 1645 2484 Saviour
1651 2457 1746 2483 come
1751 2451 1796 2482 in.

546 2720 638 2762 Keep
644 2720 720 2755 Him
727 2727 768 2754 no
774 2728 857 2754 more
865 2721 1002 2755 out-side
1036 2722 1093 2755 the
1103 2721 1191 2761 door,
1195 2722 1263 2756 But
1279 2722 1327 2756 let
1332 2721 1409 2757 Him
1414 2730 1499 2757 come
1511 2724 1554 2762 in,

1645 2724 1700 2762 oh,
1731 2725 1778 2757 let
1784 2722 1861 2757 Him
1867 2731 1952 2758 come
1957 2724 2000 2757 in.

1280 3000 1330 3032 let
1342 3000 1402 3032 the
1408 3000 1491 3033 dear
1494 3000 1636 3033 Saviour
1642 3007 1737 3033 come
1743 3001 1788 3033 in.

462 3038 653 3078 Copyright,
663 3042 743 3077 1888,
753 3038 798 3076 by
810 3040 866 3072 C.
855 3040 893 3072 C.
904 3039 1075 3072 LUTHER.
