2526 3524
456 393 560 449 No.
593 396 677 449 24.

998 395 1202 451 SONG
1235 395 1336 450 OF
1366 394 1756 453 GREETING.

556 484 605 512 W.
622 484 655 512 S.
673 485 829 514 MARTIN.

1926 490 1958 522 J.
1976 490 2017 517 H.
2034 490 2195 519 TENNEY.

600 556 626 590 2

559 707 590 737 I.

640 704 711 738 We
767 702 813 738 of
821 721 839 730 -
849 702 910 738 fer
919 712 1093 750 oursong
1141 703 1187 739 of
1226 705 1430 751 greet-ing,
1448 705 1557 741 With
1566 705 1708 741 hearts:
1702 706 1777 741 full
1784 706 1827 741 of
1853 707 1942 743 love
1962 707 2042 743 and
2076 708 2201 749 cheer,

557 767 590 794 2.
639 761 710 793 We
767 757 811 794 of
849 759 910 793 fer
918 768 989 794 our
996 769 1096 805 song
1143 759 1186 794 of
1220 760 1424 807 greet-ing,
1441 763 1519 797 For
1576 763 1624 807 Je
1644 779 1661 786 -
1678 772 1746 799 sus
1771 763 1839 798 the
1852 763 1954 800 Lord
1984 765 2020 800 is
2091 772 2196 807 near;

556 824 590 859 3.
638 817 709 850 We
765 814 1089 862 of - fer our song
1140 816 1188 850 of
1216 816 1421 862 greet-ing,
1439 817 1558 853 Come
1570 816 1656 863 join
1684 828 1731 853 us
1744 818 1836 854 dear
1847 818 1975 855 friend
1985 818 2062 854 and
2074 819 2203 861 know,

587 1240 673 1275 The
696 1239 876 1275 shadows
888 1239 989 1275 have
1008 1240 1063 1275 all
1127 1239 1180 1276 de
1199 1258 1216 1268 -
1235 1242 1417 1284 part - ed,
1451 1241 1536 1277 The
1562 1240 1640 1285 day
1654 1241 1748 1277 with
1763 1241 1817 1276 its
1849 1241 1920 1277 life

1999 1243 2035 1278 is

2077 1243 2180 1287 here,

589 1296 695 1331 With
707 1295 872 1331 fullness
906 1296 952 1331 of
998 1294 1068 1331 life
1119 1295 1197 1332 and
1239 1306 1397 1341 pow-er,
1441 1297 1498 1333 To
1535 1296 1645 1333 drive
1669 1308 1693 1332 a
1708 1317 1723 1325 -
1738 1308 1822 1343 way
1849 1297 1907 1333 all
1959 1308 2030 1333 our
2064 1297 2160 1339 fear,

586 1351 670 1387 The
682 1350 888 1397 bless-ings
901 1350 944 1386 of
957 1350 1080 1387 God's
1114 1351 1172 1387 sal
1188 1370 1203 1379 -
1216 1362 1266 1387 va
1279 1370 1294 1379 -
1291 1351 1400 1393 tion,
1436 1353 1512 1387 His
1526 1355 1646 1399 pow'r
1658 1356 1699 1388 to
1710 1356 1827 1388 make
1842 1353 1960 1389 white
1995 1364 2040 1389 as
2053 1364 2172 1396 snow,

601 1777 665 1812 No
691 1776 787 1822 long
806 1793 822 1803 -
844 1786 887 1811 er
915 1786 975 1811 we
1002 1774 1120 1811 dwell
1147 1773 1191 1810 in
1208 1776 1302 1811 dark
1317 1794 1334 1803 -
1346 1786 1449 1820 ness,
1473 1778 1535 1811 No
1566 1775 1743 1823 long - er
1670 1797 1685 1804 -
1756 1787 1815 1812 we
1862 1776 1956 1813 hide
1971 1778 2040 1813 the
2067 1779 2213 1824 gloom!

602 1834 665 1867 He
689 1830 823 1878 brings
842 1830 886 1866 in
915 1831 985 1866 the
1027 1830 1105 1876 day
1141 1831 1189 1866 of
1210 1831 1298 1877 glad
1316 1851 1332 1859 -
1346 1841 1446 1875 ness,
1473 1834 1547 1868 His
1560 1840 1754 1878 presence,
1769 1834 1847 1869 His
1858 1843 1974 1879 peace
1987 1834 2063 1870 and
2076 1832 2160 1879 joy;

600 1888 778 1933 For-give
793 1907 809 1916 -
822 1898 913 1923 ness
940 1887 976 1922 is
1023 1888 1108 1923 free
1121 1906 1137 1915 -
1150 1887 1193 1932 ly
1237 1887 1283 1922 of
1292 1906 1307 1915 -
1319 1886 1439 1931 fered,
1464 1889 1542 1924 For
1564 1889 1620 1924 all
1663 1889 1750 1924 who
1778 1899 1831 1924 on
1853 1888 1982 1925 Christ
1992 1890 2041 1924 be
2055 1909 2070 1918 -
2082 1889 2198 1933 lieve;

563 2323 647 2358 The
681 2323 763 2367 spir
774 2340 791 2350 -
804 2322 838 2357 it
879 2322 924 2356 of
961 2320 1033 2357 life
1061 2320 1141 2357 and
1169 2321 1213 2356 of
1246 2319 1470 2366 bless - ing
1483 2322 1591 2358 With
1606 2322 1756 2368 glor-y
1778 2326 1819 2359 at
1847 2323 1946 2360 least
1965 2324 2037 2359 has
2064 2333 2184 2361 come.

562 2380 620 2414 To
675 2378 765 2424 sing
793 2382 836 2414 to
851 2379 925 2414 His
934 2378 1061 2424 praise
1073 2378 1150 2413 and
1164 2378 1241 2414 His
1251 2376 1469 2421 hon - nor,
1482 2378 1593 2414 Shall
1608 2390 1655 2413 ev
1677 2397 1691 2405 -
1711 2389 1755 2414 er
1782 2380 1831 2414 be
1858 2390 1931 2415 our
1978 2390 2042 2416 em
2055 2399 2072 2409 -
2085 2382 2191 2427 ploy.

554 2435 665 2471 Then
675 2444 783 2471 come
791 2433 884 2469 while
891 2435 962 2469 the
975 2434 1046 2470 life
1059 2434 1164 2480 lamp
1177 2433 1213 2469 is
1226 2432 1448 2480 burn - ing,
1338 2452 1354 2462 -
1472 2434 1557 2470 The
1584 2434 1661 2480 gift
1688 2435 1735 2469 of
1754 2434 1819 2472 his
1832 2445 1947 2481 grace
1974 2446 2017 2471 re
2039 2437 2176 2473 - ceive.

585 2710 793 2744 REFRAIN.

587 2939 669 2974 Our
718 2938 798 2984 hap
810 2958 826 2966 -
840 2948 894 2982 py

959 2947 1057 2982 song
1077 2937 1123 2972 of

1188 2937 1416 2983 greet-ing,

1488 2936 1596 2973 With

1607 2937 1806 2984 glad-ness

1831 2949 1919 2975 now

1970 2950 2028 2975 we

2089 2939 2214 2986 bring,

978 3187 1144 3222 Copyright,
1158 3188 1225 3218 1898,
1235 3187 1273 3221 by
1282 3187 1422 3216 Brethren
1449 3187 1624 3219 Publishing
1638 3187 1748 3218 House,
